2666 4484
252 305 299 378 76
545 307 821 359 inuenturum
848 309 922 360 κει.

333 486 493 563 Vers.19=
513 481 548 544 in
570 480 643 543 edd.
659 476 879 565 ἑξαπάφουσας
900 489 989 547 recte
1002 481 1137 547 Passow.
1155 483 1229 560 ε’ξα-

258 593 425 680 annotina:
447 588 532 673 quod
555 587 640 649 enim
661 587 705 648 de
714 608 817 671 praes.
833 596 931 671 temp.
942 582 1092 672 ἐξαπάφω
1107 588 1229 681 dieunt?

256 701 291 765 id
311 700 402 761 nibiii
424 706 481 759 est.
525 695 685 756 Omissum
707 701 754 753 est
773 712 920 775 pronum.
940 692 966 773 ἕ,
988 695 1077 780 quod
1102 707 1230 760 antece-

258 809 352 870 dente
378 805 483 867 dativo
507 800 541 864 οἳ
560 811 632 885 apte
653 800 724 861 fieri
746 801 862 882 potuit.

242 948 245 953 ·
338 913 480 976 Versuo:
492 909 573 971 male
584 907 698 971 Galeus
707 906 846 969 coniecit
855 902 1002 991 φρείατος
1011 902 1180 992 ἕνμυχὰτῳ
1188 941 1229 955 -

255 1016 390 1106 χρύσεος
410 1028 562 1100 tanquam
583 1014 739 1098 spondeus
758 1012 1036 1095 pronunciandum
1058 1022 1116 1089 est,
1141 1016 1230 1074 utin

257 1129 388 1191 11.1.15.
406 1131 492 1202 374:
513 1125 617 1206 prima
636 1121 720 1182 enim
738 1119 833 1179 etiam
856 1119 1001 1202 eleff'acis
1022 1130 1053 1181 et
1074 1121 1232 1202 epigram-

257 1216 383 1296 maticis
391 1231 491 1316 poetis
504 1229 704 1313 producitur,
713 1226 753 1288 cf.
766 1226 868 1307 frg.X.
881 1229 1044 1308 3‚xil1.4.;
1055 1226 1233 1308 corripitur
1318 1203 1319 1210 ἵ

258 1359 488 1422 nonnunquam
518 1335 624 1418 lyricis
655 1355 691 1394 ac
723 1332 852 1415 tragicis
880 1343 1019 1405 tantum3
1047 1334 1089 1395 ef.
1118 1332 1228 1393 Herm.

260 1448 353 1508 elem.
383 1445 486 1507 doctr.
512 1466 561 1509 m..
583 1464 616 1524 p.
638 1461 705 1521 44.;
732 1438 842 1500 Herm.
871 1438 910 1500 de
940 1439 1013 1500 dial.
1043 1437 1169 1500 Pindar.
1196 1438 1230 1496 in

261 1553 399 1635 Opusec.
422 1554 444 1611 1.
466 1573 499 1632 p.
523 1551 607 1618 252.;
641 1544 780 1607 Boeckh.
813 1545 852 1605 de
874 1554 968 1608 metr.
988 1544 1080 1605 Pind.
1105 1537 1138 1627 pi
1162 1549 1230 1625 289.

244 1667 304 1721 et·
322 1658 362 1719 ad
388 1657 480 1718 Pind.
510 1657 545 1715 P.
568 1655 621 1716 IV.
644 1675 689 1733 4.;
716 1652 784 1714 Erf.
817 1650 859 1714 ad
892 1651 991 1736 Sopb.
1015 1653 1120 1735 Antig.
1145 1657 1231 1720 103.;

260 1765 394 1828 Seidler.
418 1763 460 1824 ed
479 1763 556 1823 Eur.
581 1757 701 1820 Troad.
723 1758 793 1821 536.

341 1872 434 1933 Vers.
458 1889 512 1934 21:
535 1867 568 1926 in
588 1866 658 1926 cod.
682 1865 799 1947 legitur

302 1976 360 2039 νῦν
381 1971 397 2036 ὃ
421 1968 447 2057 y’
469 1966 673 2050 ἆνελκὸμενος
696 1970 747 2032 διὰ
766 1967 826 2050 μὲν
847 1971 943 2032 καλὸν
962 1957 1050 2049 ἤρικε
1068 1967 1195 2045 νοῦσον,

261 2085 431 2146 Piersonus
455 2078 495 2138 ad
517 2079 620 2138 Moer.
638 2077 701 2139 Att.
725 2099 758 2161 Ρ.
781 2096 848 2160 194.
871 2073 958 2135 dedit

345 2193 426 2249 νεῖον
445 2178 725 2263 ἆνελκὸμενος.ὃιά
745 2181 804 2263 μὲν
824 2178 920 2244 κάλον
937 2171 1046 2261 ,ἤριπεν
1066 2166 1173 2253 crinon,

261 2284 436 2356 Biunckius
468 2292 546 2352 dicit
574 2281 670 2354 οὖσον
698 2292 808 2352 funem
834 2288 996 2350 nauticum
1022 2305 1088 2346 esse
1120 2293 1153 2344 et
1174 2281 1231 2342 sibi

261 2412 386 2469 tantum
400 2422 435 2461 ex
444 2397 603 2483 Lycophr.
619 2399 673 2478 ⁸⁸)
694 2407 817 2474 notum,
832 2393 948 2457 deinde
962 2393 1058 2455 καλὸν
1070 2388 1231 2474 epitheton

261 2513 394 2574 minime
416 2517 536 2591 aptum3
565 2506 631 2588 ipse
653 2504 794 2567 coniecit

318 2686 321 2693 Δ
345 2621 426 2679 νεῖον
451 2607 654 2692 ἀνελκόμενος
676 2613 728 2674 διὰ
747 2608 807 2690 μὲν
829 2601 926 2669 κάλον
946 2592 1052 2684 ἦρικεν
1072 2592 1154 2686 ὄγκῳ

253 2722 396 2809 >pondere
407 2720 520 2799 funem
540 2719 665 2801 dirupit.
706 2716 838 2777 Lenzius
858 2706 1100 2788 (Iacobubuth.
1112 2704 1235 2769 T..X11.

262 2852 295 2914 Ρ.
318 2829 405 2905 235.)
429 2824 524 2885 κακὸν
545 2815 649 2906 ἤρικεν
664 2812 784 2898 'onium
805 2815 926 2877 Iacobs.

344 2939 426 2995 νεῖον
447 2925 649 3010 ἆνελκόμενος
670 2930 719 2992 διὰ
742 2922 800 3006 μὲν
821 2918 918 2984 miton
938 2910 1026 3002 ἤρικε
1047 2910 1175 2992 σαυνόν,

265 3036 423 3123 Hesychio
447 3036 574 3098 laudato
594 3058 664 3097 voc.
679 3027 803 3096 courir
821 3023 953 3111 σαθρόν,
963 3025 1091 3107 χαῦνον,
1102 3017 1236 3093 ἀσθενές.

264 3149 365 3225 Recte
394 3146 529 3207 Passow.
561 3164 674 3206 vocem
699 3134 833 3222 χρύσεος
862 3132 1119 3218 interpunctione
1148 3152 1166 3189 a
1186 3148 1236 3186 se-

264 3253 376 3343 quenti
397 3250 541 3327 seiunxit,
570 3248 627 3311 νῦν
648 3241 692 3330 ὅγ’
714 3244 865 3314 servavit;
888 3244 922 3304 in
945 3250 1022 3303 extr.
1042 3257 1124 3299 vers.
1146 3231 1236 3295 Pier-

265 3383 379 3424 sonum
401 3367 525 3421 secutus
547 3366 609 3418 est:
631 3354 756 3414 situlam
778 3372 907 3411 auream
928 3349 1012 3409 funis
1030 3337 1238 3426 quoquepul-

266 3470 345 3532 cher
366 3465 510 3529 decebat.
554 3465 589 3522 In
617 3468 696 3522 vect
721 3446 816 3530 οὖσος
835 3478 900 3518 non
923 3472 1000 3536 opus
1026 3456 1071 3508 est
1092 3445 1238 3506 haerere.

347 3575 438 3637 Vers.
462 3574 519 3634 282
547 3567 628 3652 πρὸς
656 3562 697 3625 ’σὲ
717 3562 799 3625 θεῶν
820 3564 887 3624 sine
906 3556 1022 3625 verb03
1054 3552 1094 3614 de
1124 3553 1235 3612 omisso

265 3685 364 3744 verbo
387 3679 420 3743 iu
437 3671 618 3738 huiusmodi
632 3667 903 3731 obsecrationibus
918 3663 958 3723 cf·
973 3658 1083 3723 Vuick.
1106 3657 1147 3722 ad
1160 3657 1237 3719 Eur.

281 3819 511 3834 ...Μ

305 3901 353 3971 ⁸⁸)
371 3888 512 3977 Lycophr.
532 3902 575 3957 20.
593 3901 628 3954 toi
647 3894 730 3961 οὖσα,
748 3900 783 3950 tut
803 3856 931 3965 σχοιεία.
959 3891 1081 3962 Hesycb.
