<?xml version="1.0" encoding="UTF-8"?>
<!DOCTYPE html PUBLIC "-//W3C//DTD XHTML 1.0 Transitional//EN"
    "http://www.w3.org/TR/xhtml1/DTD/xhtml1-transitional.dtd">
<html xmlns="http://www.w3.org/1999/xhtml" xml:lang="en" lang="en">
 <head>
  <title>
</title>
<meta http-equiv="Content-Type" content="text/html;charset=utf-8" />
  <meta name='ocr-system' content='tesseract 3.04.00' />
  <meta name='ocr-capabilities' content='ocr_page ocr_carea ocr_par ocr_line ocrx_word'/>
</head>
<body>
  <div class='ocr_page' id='page_1' title='image "./alexandriaetoli00capegoog_0060.png"; bbox 0 0 2666 4484; ppageno 0'>
   <div class='ocr_carea' id='block_1_1' title="bbox 420 336 1116 404">
    <p class='ocr_par' dir='ltr' id='par_1_1' title="bbox 420 336 1116 404">
     <span class='ocr_line' id='line_1_1' title="bbox 420 336 1116 404; baseline 0.013 -11"><span class='ocrx_word' id='word_1_1' title='bbox 420 345 702 397; x_wconf 69' lang='lat' dir='ltr'><strong>unienranrou</strong></span> <span class='ocrx_word' id='word_1_2' title='bbox 727 347 820 394; x_wconf 79' lang='lat' dir='ltr'><strong>vm.</strong></span> <span class='ocrx_word' id='word_1_3' title='bbox 1071 336 1116 404; x_wconf 76' lang='grc' dir='ltr'><strong>Μ</strong></span> 
     </span>
    </p>
   </div>
   <div class='ocr_carea' id='block_1_2' title="bbox 146 508 1121 733">
    <p class='ocr_par' dir='ltr' id='par_1_2' title="bbox 146 508 1121 733">
     <span class='ocr_line' id='line_1_2' title="bbox 146 508 1120 604; baseline 0.005 -26"><span class='ocrx_word' id='word_1_4' title='bbox 146 520 216 585; x_wconf 73' lang='grc' dir='ltr'><strong>Ηοα</strong></span> <span class='ocrx_word' id='word_1_5' title='bbox 239 516 495 601; x_wconf 65' lang='lat' dir='ltr'><strong>epigrammatum</strong></span> <span class='ocrx_word' id='word_1_6' title='bbox 525 512 604 589; x_wconf 57' lang='lat' dir='ltr'><strong>cod.-&gt;</strong></span> <span class='ocrx_word' id='word_1_7' title='bbox 617 508 691 577; x_wconf 75' lang='lat' dir='ltr'><strong>vat.</strong></span> <span class='ocrx_word' id='word_1_8' title='bbox 714 514 897 579; x_wconf 73' lang='lat' dir='ltr'><strong>inscribitur</strong></span> <span class='ocrx_word' id='word_1_9' title='bbox 913 508 1120 604; x_wconf 70' lang='grc' dir='ltr'><strong>Ἀλεξάνδρου</strong></span> 
     </span>
     <span class='ocr_line' id='line_1_3' title="bbox 148 627 1121 733; baseline -0.003 -38"><span class='ocrx_word' id='word_1_10' title='bbox 148 629 333 716; x_wconf 74' lang='grc' dir='ltr'><strong><em>Μαγνὴτου,</em></strong></span> <span class='ocrx_word' id='word_1_11' title='bbox 361 629 416 714; x_wconf 88' lang='lat' dir='ltr'><strong>qui</strong></span> <span class='ocrx_word' id='word_1_12' title='bbox 448 627 624 733; x_wconf 75' lang='lat' dir='ltr'><strong>Alexander</strong></span> <span class='ocrx_word' id='word_1_13' title='bbox 651 629 830 713; x_wconf 71' lang='lat' dir='ltr'><strong>Magnesiae</strong></span> <span class='ocrx_word' id='word_1_14' title='bbox 851 629 940 708; x_wconf 81' lang='lat' dir='ltr'><strong>aiibi,</strong></span> <span class='ocrx_word' id='word_1_15' title='bbox 969 646 1121 714; x_wconf 81' lang='lat' dir='ltr'><strong>quantum</strong></span> 
     </span>
    </p>
   </div>
   <div class='ocr_carea' id='block_1_3' title="bbox 81 743 1135 3948">
    <p class='ocr_par' dir='ltr' id='par_1_3' title="bbox 146 743 1125 1405">
     <span class='ocr_line' id='line_1_4' title="bbox 146 743 1120 828; baseline -0.001 -17"><span class='ocrx_word' id='word_1_16' title='bbox 146 750 255 824; x_wconf 80' lang='lat' dir='ltr'><strong>seiam,</strong></span> <span class='ocrx_word' id='word_1_17' title='bbox 286 766 439 828; x_wconf 79' lang='lat' dir='ltr'>nusquam</span> <span class='ocrx_word' id='word_1_18' title='bbox 469 753 734 807; x_wconf 76' lang='lat' dir='ltr'><strong>commemoratus</strong></span> <span class='ocrx_word' id='word_1_19' title='bbox 768 743 852 808; x_wconf 84' lang='lat' dir='ltr'><strong>haud</strong></span> <span class='ocrx_word' id='word_1_20' title='bbox 878 745 986 823; x_wconf 68' lang='lat' dir='ltr'><strong>orbis,</strong></span> <span class='ocrx_word' id='word_1_21' title='bbox 1016 750 1120 810; x_wconf 85' lang='lat' dir='ltr'><strong>nescio</strong></span> 
     </span>
     <span class='ocr_line' id='line_1_5' title="bbox 148 859 1123 947; baseline 0.004 -24"><span class='ocrx_word' id='word_1_22' title='bbox 148 885 213 947; x_wconf 88' lang='lat' dir='ltr'><strong>quo</strong></span> <span class='ocrx_word' id='word_1_23' title='bbox 233 863 309 938; x_wconf 84' lang='lat' dir='ltr'><strong>fato,</strong></span> <span class='ocrx_word' id='word_1_24' title='bbox 323 859 422 923; x_wconf 77' lang='lat' dir='ltr'><strong>nostri</strong></span> <span class='ocrx_word' id='word_1_25' title='bbox 443 869 559 943; x_wconf 84' lang='lat' dir='ltr'><strong>poetae</strong></span> <span class='ocrx_word' id='word_1_26' title='bbox 572 880 689 921; x_wconf 87' lang='lat' dir='ltr'><strong>nomen</strong></span> <span class='ocrx_word' id='word_1_27' title='bbox 705 861 845 925; x_wconf 77' lang='lat' dir='ltr'><strong>extrusit.</strong></span> <span class='ocrx_word' id='word_1_28' title='bbox 884 861 1123 927; x_wconf 58' lang='lat' dir='ltr'><strong>Brunckanat</strong></span> 
     </span>
     <span class='ocr_line' id='line_1_6' title="bbox 147 970 1123 1061; baseline 0.001 -22"><span class='ocrx_word' id='word_1_29' title='bbox 147 981 171 1039; x_wconf 90' lang='lat'><strong>1.</strong></span> <span class='ocrx_word' id='word_1_30' title='bbox 183 1002 215 1061; x_wconf 89' lang='lat' dir='ltr'><strong>p.</strong></span> <span class='ocrx_word' id='word_1_31' title='bbox 226 984 297 1055; x_wconf 72' lang='lat'><strong>418,</strong></span> <span class='ocrx_word' id='word_1_32' title='bbox 313 977 364 1037; x_wconf 83' lang='lat'>111.</span> <span class='ocrx_word' id='word_1_33' title='bbox 373 979 479 1060; x_wconf 73' lang='lat' dir='ltr'><strong>p·9(1·;</strong></span> <span class='ocrx_word' id='word_1_34' title='bbox 502 976 622 1037; x_wconf 72' lang='lat' dir='ltr'><strong>Iacobo.</strong></span> <span class='ocrx_word' id='word_1_35' title='bbox 631 975 728 1038; x_wconf 67' lang='lat' dir='ltr'><strong>Anth,</strong></span> <span class='ocrx_word' id='word_1_36' title='bbox 746 978 802 1039; x_wconf 86' lang='lat' dir='ltr'><strong>Gr.</strong></span> <span class='ocrx_word' id='word_1_37' title='bbox 816 970 867 1043; x_wconf 80' lang='lat' dir='ltr'><strong>ed.</strong></span> <span class='ocrx_word' id='word_1_38' title='bbox 880 977 953 1037; x_wconf 89' lang='lat' dir='ltr'><strong>mai.</strong></span> <span class='ocrx_word' id='word_1_39' title='bbox 963 979 986 1036; x_wconf 89' lang='grc' dir='ltr'><strong>Ι.</strong></span> <span class='ocrx_word' id='word_1_40' title='bbox 1000 1000 1032 1059; x_wconf 89' lang='lat' dir='ltr'><strong>p.</strong></span> <span class='ocrx_word' id='word_1_41' title='bbox 1041 995 1123 1054; x_wconf 67' lang='lat'><strong>207„</strong></span> 
     </span>
     <span class='ocr_line' id='line_1_7' title="bbox 147 1090 1121 1175; baseline -0.002 -21"><span class='ocrx_word' id='word_1_42' title='bbox 147 1093 198 1161; x_wconf 75' lang='lat' dir='ltr'><strong>cd.</strong></span> <span class='ocrx_word' id='word_1_43' title='bbox 217 1092 293 1155; x_wconf 86' lang='lat' dir='ltr'><strong>min.</strong></span> <span class='ocrx_word' id='word_1_44' title='bbox 313 1091 412 1175; x_wconf 84' lang='lat' dir='ltr'><strong>(Pol.)</strong></span> <span class='ocrx_word' id='word_1_45' title='bbox 437 1092 462 1153; x_wconf 89' lang='grc' dir='ltr'><strong>Ι.</strong></span> <span class='ocrx_word' id='word_1_46' title='bbox 480 1115 513 1174; x_wconf 82' lang='lat' dir='ltr'><strong>p.</strong></span> <span class='ocrx_word' id='word_1_47' title='bbox 533 1110 613 1173; x_wconf 69' lang='lat'><strong>172„</strong></span> <span class='ocrx_word' id='word_1_48' title='bbox 637 1092 690 1151; x_wconf 84' lang='lat'>111.</span> <span class='ocrx_word' id='word_1_49' title='bbox 709 1112 743 1173; x_wconf 85' lang='lat' dir='ltr'><strong>p.</strong></span> <span class='ocrx_word' id='word_1_50' title='bbox 760 1093 827 1171; x_wconf 67' lang='lat'><strong>164</strong></span> <span class='ocrx_word' id='word_1_51' title='bbox 838 1136 847 1167; x_wconf 92' lang='lat'>,</span> <span class='ocrx_word' id='word_1_52' title='bbox 878 1090 1064 1154; x_wconf 78' lang='lat' dir='ltr'><strong>Animadvv.</strong></span> <span class='ocrx_word' id='word_1_53' title='bbox 1088 1092 1121 1152; x_wconf 89' lang='lat' dir='ltr'><strong>in</strong></span> 
     </span>
     <span class='ocr_line' id='line_1_8' title="bbox 148 1205 1125 1289; baseline 0.003 -21"><span class='ocrx_word' id='word_1_54' title='bbox 148 1207 284 1270; x_wconf 80' lang='lat' dir='ltr'><strong>Brunck.</strong></span> <span class='ocrx_word' id='word_1_55' title='bbox 292 1206 383 1269; x_wconf 86' lang='lat' dir='ltr'><strong>Anal.</strong></span> <span class='ocrx_word' id='word_1_56' title='bbox 389 1207 482 1267; x_wconf 87' lang='lat' dir='ltr'><strong>Tom.</strong></span> <span class='ocrx_word' id='word_1_57' title='bbox 493 1207 517 1268; x_wconf 87' lang='lat'><strong>1.</strong></span> <span class='ocrx_word' id='word_1_58' title='bbox 524 1205 561 1265; x_wconf 85' lang='grc' dir='ltr'><strong>Ρ.</strong></span> <span class='ocrx_word' id='word_1_59' title='bbox 573 1208 611 1267; x_wconf 83' lang='lat'><strong>11.</strong></span> <span class='ocrx_word' id='word_1_60' title='bbox 626 1229 658 1289; x_wconf 81' lang='lat' dir='ltr'><strong>p.</strong></span> <span class='ocrx_word' id='word_1_61' title='bbox 671 1209 751 1277; x_wconf 60' lang='lat' dir='ltr'><strong>asse</strong></span> <span class='ocrx_word' id='word_1_62' title='bbox 763 1208 804 1270; x_wconf 84' lang='lat' dir='ltr'><strong>ef.</strong></span> <span class='ocrx_word' id='word_1_63' title='bbox 814 1206 948 1278; x_wconf 82' lang='lat' dir='ltr'><strong>Hieron.</strong></span> <span class='ocrx_word' id='word_1_64' title='bbox 959 1206 999 1268; x_wconf 86' lang='lat' dir='ltr'><strong>de</strong></span> <span class='ocrx_word' id='word_1_65' title='bbox 1010 1206 1125 1271; x_wconf 75' lang='lat' dir='ltr'><strong>Boseh.</strong></span> 
     </span>
     <span class='ocr_line' id='line_1_9' title="bbox 149 1321 722 1405; baseline 0.009 -20"><span class='ocrx_word' id='word_1_66' title='bbox 149 1324 189 1386; x_wconf 85' lang='lat' dir='ltr'><strong>ad</strong></span> <span class='ocrx_word' id='word_1_67' title='bbox 199 1322 293 1385; x_wconf 83' lang='lat' dir='ltr'><strong>Anth.</strong></span> <span class='ocrx_word' id='word_1_68' title='bbox 312 1322 368 1381; x_wconf 88' lang='lat' dir='ltr'><strong>Gr.</strong></span> <span class='ocrx_word' id='word_1_69' title='bbox 384 1321 594 1388; x_wconf 81' lang='lat' dir='ltr'><strong>l.VI.tit.15.</strong></span> <span class='ocrx_word' id='word_1_70' title='bbox 613 1344 662 1405; x_wconf 86' lang='lat' dir='ltr'><strong>ep.</strong></span> <span class='ocrx_word' id='word_1_71' title='bbox 674 1341 722 1390; x_wconf 84' lang='grc' dir='ltr'><strong>ιο.</strong></span> 
     </span>
    </p>

    <p class='ocr_par' dir='ltr' id='par_1_4' title="bbox 149 1428 1132 3013">
     <span class='ocr_line' id='line_1_10' title="bbox 230 1428 1127 1516; baseline 0.011 -22"><span class='ocrx_word' id='word_1_72' title='bbox 230 1437 289 1495; x_wconf 84' lang='lat' dir='ltr'><strong>Est</strong></span> <span class='ocrx_word' id='word_1_73' title='bbox 308 1428 553 1516; x_wconf 73' lang='grc' dir='ltr'><strong>ἆναθηματικόῗν,</strong></span> <span class='ocrx_word' id='word_1_74' title='bbox 575 1437 608 1501; x_wconf 85' lang='lat' dir='ltr'><strong>iu</strong></span> <span class='ocrx_word' id='word_1_75' title='bbox 624 1439 744 1498; x_wconf 83' lang='lat' dir='ltr'><strong>Iacohs.</strong></span> <span class='ocrx_word' id='word_1_76' title='bbox 758 1438 853 1503; x_wconf 76' lang='lat' dir='ltr'><strong>Anth.</strong></span> <span class='ocrx_word' id='word_1_77' title='bbox 871 1437 939 1499; x_wconf 88' lang='lat' dir='ltr'><strong>Pal.</strong></span> <span class='ocrx_word' id='word_1_78' title='bbox 956 1461 1044 1501; x_wconf 82' lang='lat' dir='ltr'><strong>uuna.</strong></span> <span class='ocrx_word' id='word_1_79' title='bbox 1061 1444 1127 1504; x_wconf 66' lang='lat'><strong>182.</strong></span> 
     </span>
     <span class='ocr_line' id='line_1_11' title="bbox 150 1550 1126 1634; baseline 0 -23"><span class='ocrx_word' id='word_1_80' title='bbox 150 1553 232 1619; x_wconf 77' lang='lat' dir='ltr'><strong>Tres</strong></span> <span class='ocrx_word' id='word_1_81' title='bbox 261 1552 378 1615; x_wconf 63' lang='lat' dir='ltr'><strong>fratres·</strong></span> <span class='ocrx_word' id='word_1_82' title='bbox 406 1573 441 1611; x_wconf 81' lang='lat' dir='ltr'><strong>ex</strong></span> <span class='ocrx_word' id='word_1_83' title='bbox 462 1573 588 1633; x_wconf 45' lang='lat' dir='ltr'><strong>rgsnere</strong></span> <span class='ocrx_word' id='word_1_84' title='bbox 617 1550 785 1614; x_wconf 83' lang='lat' dir='ltr'><strong>homiuum</strong></span> <span class='ocrx_word' id='word_1_85' title='bbox 811 1555 972 1629; x_wconf 78' lang='lat' dir='ltr'><strong>venatico,</strong></span> <span class='ocrx_word' id='word_1_86' title='bbox 1000 1575 1126 1634; x_wconf 79' lang='lat' dir='ltr'>auceps,</span> 
     </span>
     <span class='ocr_line' id='line_1_12' title="bbox 149 1666 1127 1749; baseline -0.004 -18"><span class='ocrx_word' id='word_1_87' title='bbox 149 1677 284 1734; x_wconf 70' lang='lat' dir='ltr'><strong>serrator</strong></span> <span class='ocrx_word' id='word_1_88' title='bbox 304 1675 528 1735; x_wconf 73' lang='lat' dir='ltr'><strong>montanorum</strong></span> <span class='ocrx_word' id='word_1_89' title='bbox 548 1668 701 1744; x_wconf 83' lang='lat' dir='ltr'><strong>ferarum,</strong></span> <span class='ocrx_word' id='word_1_90' title='bbox 721 1669 874 1749; x_wconf 74' lang='lat' dir='ltr'><strong>piscator,</strong></span> <span class='ocrx_word' id='word_1_91' title='bbox 898 1687 971 1727; x_wconf 82' lang='lat' dir='ltr'><strong>suae</strong></span> <span class='ocrx_word' id='word_1_92' title='bbox 996 1666 1127 1748; x_wconf 84' lang='lat' dir='ltr'><strong>quisque</strong></span> 
     </span>
     <span class='ocr_line' id='line_1_13' title="bbox 151 1779 1128 1863; baseline -0.002 -16"><span class='ocrx_word' id='word_1_93' title='bbox 151 1784 226 1847; x_wconf 83' lang='lat' dir='ltr'><strong>artis</strong></span> <span class='ocrx_word' id='word_1_94' title='bbox 250 1786 460 1845; x_wconf 86' lang='lat' dir='ltr'><strong>instrumenta</strong></span> <span class='ocrx_word' id='word_1_95' title='bbox 481 1781 561 1841; x_wconf 83' lang='lat' dir='ltr'><strong>Puni</strong></span> <span class='ocrx_word' id='word_1_96' title='bbox 589 1781 650 1842; x_wconf 87' lang='lat' dir='ltr'><strong>deo</strong></span> <span class='ocrx_word' id='word_1_97' title='bbox 671 1791 860 1844; x_wconf 78' lang='lat' dir='ltr'>venatorum</span> <span class='ocrx_word' id='word_1_98' title='bbox 883 1790 914 1842; x_wconf 85' lang='lat' dir='ltr'><strong>et</strong></span> <span class='ocrx_word' id='word_1_99' title='bbox 934 1779 1128 1863; x_wconf 64' lang='lat' dir='ltr'><strong>piscatorum</strong></span> 
     </span>
     <span class='ocr_line' id='line_1_14' title="bbox 150 1895 1129 1984; baseline -0.004 -23"><span class='ocrx_word' id='word_1_100' title='bbox 150 1909 288 1984; x_wconf 88' lang='lat' dir='ltr'><strong>patrono</strong></span> <span class='ocrx_word' id='word_1_101' title='bbox 313 1897 446 1959; x_wconf 85' lang='lat' dir='ltr'><strong>similem</strong></span> <span class='ocrx_word' id='word_1_102' title='bbox 466 1895 525 1979; x_wconf 86' lang='lat' dir='ltr'><strong>ipsi</strong></span> <span class='ocrx_word' id='word_1_103' title='bbox 545 1896 703 1959; x_wconf 78' lang='lat' dir='ltr'><strong>honorem</strong></span> <span class='ocrx_word' id='word_1_104' title='bbox 723 1896 901 1975; x_wconf 74' lang='lat' dir='ltr'><strong>tribuentes</strong></span> <span class='ocrx_word' id='word_1_105' title='bbox 919 1896 1032 1963; x_wconf 79' lang='lat' dir='ltr'><strong>volunt</strong></span> <span class='ocrx_word' id='word_1_106' title='bbox 1051 1918 1129 1958; x_wconf 88' lang='lat' dir='ltr'><strong>con-</strong></span> 
     </span>
     <span class='ocr_line' id='line_1_15' title="bbox 151 2011 1129 2097; baseline 0.001 -23"><span class='ocrx_word' id='word_1_107' title='bbox 151 2022 284 2090; x_wconf 83' lang='lat' dir='ltr'><strong>secrata,</strong></span> <span class='ocrx_word' id='word_1_108' title='bbox 314 2012 371 2075; x_wconf 78' lang='lat' dir='ltr'><strong>sed</strong></span> <span class='ocrx_word' id='word_1_109' title='bbox 398 2034 436 2074; x_wconf 88' lang='lat' dir='ltr'><strong>ea</strong></span> <span class='ocrx_word' id='word_1_110' title='bbox 456 2013 546 2095; x_wconf 81' lang='lat' dir='ltr'><strong>quasi</strong></span> <span class='ocrx_word' id='word_1_111' title='bbox 574 2011 632 2073; x_wconf 86' lang='lat' dir='ltr'><strong>suh</strong></span> <span class='ocrx_word' id='word_1_112' title='bbox 656 2012 854 2091; x_wconf 86' lang='lat' dir='ltr'><strong>conditione,</strong></span> <span class='ocrx_word' id='word_1_113' title='bbox 877 2022 912 2074; x_wconf 91' lang='lat' dir='ltr'><strong>ut</strong></span> <span class='ocrx_word' id='word_1_114' title='bbox 934 2014 1009 2097; x_wconf 82' lang='lat' dir='ltr'><strong>ipsis</strong></span> <span class='ocrx_word' id='word_1_115' title='bbox 1033 2011 1129 2075; x_wconf 85' lang='lat' dir='ltr'><strong>deum</strong></span> 
     </span>
     <span class='ocr_line' id='line_1_16' title="bbox 151 2128 1129 2214; baseline -0.003 -23"><span class='ocrx_word' id='word_1_116' title='bbox 151 2141 215 2197; x_wconf 85' lang='lat' dir='ltr'><strong>tam</strong></span> <span class='ocrx_word' id='word_1_117' title='bbox 237 2131 290 2213; x_wconf 90' lang='lat' dir='ltr'><strong>pie</strong></span> <span class='ocrx_word' id='word_1_118' title='bbox 312 2128 490 2192; x_wconf 83' lang='lat' dir='ltr'><strong>colentibus</strong></span> <span class='ocrx_word' id='word_1_119' title='bbox 512 2151 530 2191; x_wconf 86' lang='lat' dir='ltr'><strong>e</strong></span> <span class='ocrx_word' id='word_1_120' title='bbox 551 2150 625 2190; x_wconf 83' lang='lat' dir='ltr'><strong>suae</strong></span> <span class='ocrx_word' id='word_1_121' title='bbox 648 2131 767 2212; x_wconf 87' lang='lat' dir='ltr'><strong>cuique</strong></span> <span class='ocrx_word' id='word_1_122' title='bbox 795 2133 872 2192; x_wconf 85' lang='lat' dir='ltr'><strong>artis</strong></span> <span class='ocrx_word' id='word_1_123' title='bbox 893 2132 1026 2214; x_wconf 78' lang='lat' dir='ltr'><strong>regione</strong></span> <span class='ocrx_word' id='word_1_124' title='bbox 1048 2129 1129 2189; x_wconf 83' lang='lat' dir='ltr'><strong>salus</strong></span> 
     </span>
     <span class='ocr_line' id='line_1_17' title="bbox 152 2243 1128 2319; baseline -0.003 -12"><span class='ocrx_word' id='word_1_125' title='bbox 152 2269 170 2306; x_wconf 80' lang='lat' dir='ltr'><strong>a</strong></span> <span class='ocrx_word' id='word_1_126' title='bbox 192 2243 255 2310; x_wconf 79' lang='lat' dir='ltr'><strong>deo</strong></span> <span class='ocrx_word' id='word_1_127' title='bbox 274 2247 429 2305; x_wconf 83' lang='lat' dir='ltr'><strong>mittatur.</strong></span> <span class='ocrx_word' id='word_1_128' title='bbox 466 2243 520 2309; x_wconf 74' lang='lat' dir='ltr'><strong>,lta</strong></span> <span class='ocrx_word' id='word_1_129' title='bbox 541 2243 646 2304; x_wconf 83' lang='lat' dir='ltr'><strong>solent</strong></span> <span class='ocrx_word' id='word_1_130' title='bbox 665 2251 791 2305; x_wconf 86' lang='lat' dir='ltr'><strong>veteres</strong></span> <span class='ocrx_word' id='word_1_131' title='bbox 813 2244 876 2304; x_wconf 82' lang='lat' dir='ltr'><strong>diis</strong></span> <span class='ocrx_word' id='word_1_132' title='bbox 896 2266 986 2305; x_wconf 84' lang='lat' dir='ltr'><strong>sacra</strong></span> <span class='ocrx_word' id='word_1_133' title='bbox 1000 2245 1128 2319; x_wconf 81' lang='lat' dir='ltr'><strong>offerre,</strong></span> 
     </span>
     <span class='ocr_line' id='line_1_18' title="bbox 151 2353 1129 2439; baseline -0.006 -18"><span class='ocrx_word' id='word_1_134' title='bbox 151 2369 187 2421; x_wconf 80' lang='lat' dir='ltr'><strong>ut</strong></span> <span class='ocrx_word' id='word_1_135' title='bbox 215 2357 255 2417; x_wconf 77' lang='lat' dir='ltr'><strong>ab</strong></span> <span class='ocrx_word' id='word_1_136' title='bbox 282 2358 321 2418; x_wconf 83' lang='lat' dir='ltr'><strong>iis</strong></span> <span class='ocrx_word' id='word_1_137' title='bbox 348 2356 434 2417; x_wconf 78' lang='lat' dir='ltr'><strong>bona</strong></span> <span class='ocrx_word' id='word_1_138' title='bbox 464 2353 559 2438; x_wconf 79' lang='lat' dir='ltr'><strong>longe</strong></span> <span class='ocrx_word' id='word_1_139' title='bbox 589 2355 704 2419; x_wconf 81' lang='lat' dir='ltr'><strong>oblatis</strong></span> <span class='ocrx_word' id='word_1_140' title='bbox 731 2355 854 2417; x_wconf 75' lang='lat' dir='ltr'><strong>maiora</strong></span> <span class='ocrx_word' id='word_1_141' title='bbox 880 2366 1066 2439; x_wconf 79' lang='lat' dir='ltr'><strong>precentur.</strong></span> <span class='ocrx_word' id='word_1_142' title='bbox 1086 2389 1129 2405; x_wconf 90' lang='grc'>-</span> 
     </span>
     <span class='ocr_line' id='line_1_19' title="bbox 149 2468 1131 2552; baseline -0.003 -18"><span class='ocrx_word' id='word_1_143' title='bbox 149 2474 284 2533; x_wconf 81' lang='lat' dir='ltr'><strong>Prorsus</strong></span> <span class='ocrx_word' id='word_1_144' title='bbox 307 2468 403 2546; x_wconf 83' lang='lat' dir='ltr'><strong>idem,</strong></span> <span class='ocrx_word' id='word_1_145' title='bbox 424 2468 511 2552; x_wconf 83' lang='lat' dir='ltr'><strong>quod</strong></span> <span class='ocrx_word' id='word_1_146' title='bbox 531 2469 632 2531; x_wconf 83' lang='lat' dir='ltr'><strong>nostri</strong></span> <span class='ocrx_word' id='word_1_147' title='bbox 649 2468 894 2552; x_wconf 79' lang='lat' dir='ltr'><strong>epigrammatis,</strong></span> <span class='ocrx_word' id='word_1_148' title='bbox 910 2479 1131 2551; x_wconf 76' lang='lat' dir='ltr'><strong>argumentum</strong></span> 
     </span>
     <span class='ocr_line' id='line_1_20' title="bbox 153 2583 1131 2669; baseline -0.003 -19"><span class='ocrx_word' id='word_1_149' title='bbox 153 2597 201 2651; x_wconf 84' lang='lat' dir='ltr'><strong>est</strong></span> <span class='ocrx_word' id='word_1_150' title='bbox 220 2586 394 2649; x_wconf 84' lang='lat' dir='ltr'><strong>multorum</strong></span> <span class='ocrx_word' id='word_1_151' title='bbox 416 2587 564 2664; x_wconf 82' lang='lat' dir='ltr'><strong>aliorum,</strong></span> <span class='ocrx_word' id='word_1_152' title='bbox 586 2586 618 2647; x_wconf 91' lang='lat' dir='ltr'><strong>in</strong></span> <span class='ocrx_word' id='word_1_153' title='bbox 636 2587 757 2649; x_wconf 77' lang='lat' dir='ltr'><strong>Jacobs.</strong></span> <span class='ocrx_word' id='word_1_154' title='bbox 770 2585 866 2647; x_wconf 76' lang='lat' dir='ltr'><strong>Anah.</strong></span> <span class='ocrx_word' id='word_1_155' title='bbox 879 2583 948 2646; x_wconf 83' lang='lat' dir='ltr'><strong>Pal.</strong></span> <span class='ocrx_word' id='word_1_156' title='bbox 963 2606 998 2647; x_wconf 88' lang='lat' dir='ltr'><strong>ex</strong></span> <span class='ocrx_word' id='word_1_157' title='bbox 1014 2606 1131 2669; x_wconf 81' lang='lat' dir='ltr'><strong>genere</strong></span> 
     </span>
     <span class='ocr_line' id='line_1_21' title="bbox 152 2696 1132 2789; baseline -0.005 -24"><span class='ocrx_word' id='word_1_158' title='bbox 152 2703 216 2765; x_wconf 77' lang='grc' dir='ltr'><strong>τῶν</strong></span> <span class='ocrx_word' id='word_1_159' title='bbox 229 2696 470 2786; x_wconf 75' lang='grc' dir='ltr'><strong>ἅναθηματικῶν</strong></span> <span class='ocrx_word' id='word_1_160' title='bbox 496 2727 530 2768; x_wconf 90' lang='grc' dir='ltr'><strong>ιι.</strong></span> <span class='ocrx_word' id='word_1_161' title='bbox 553 2723 602 2768; x_wconf 88' lang='lat'><strong>11.</strong></span> <span class='ocrx_word' id='word_1_162' title='bbox 633 2703 704 2784; x_wconf 84' lang='lat' dir='ltr'><strong>(uhi</strong></span> <span class='ocrx_word' id='word_1_163' title='bbox 725 2702 825 2764; x_wconf 82' lang='lat' dir='ltr'><strong>trium</strong></span> <span class='ocrx_word' id='word_1_164' title='bbox 846 2703 982 2764; x_wconf 85' lang='lat' dir='ltr'><strong>fratrum</strong></span> <span class='ocrx_word' id='word_1_165' title='bbox 1002 2700 1132 2789; x_wconf 79' lang='lat' dir='ltr'><strong>illorum</strong></span> 
     </span>
     <span class='ocr_line' id='line_1_22' title="bbox 153 2814 1130 2904; baseline -0.001 -25"><span class='ocrx_word' id='word_1_166' title='bbox 153 2818 360 2882; x_wconf 84' lang='lat' dir='ltr'><strong>instrumenta</strong></span> <span class='ocrx_word' id='word_1_167' title='bbox 392 2820 545 2883; x_wconf 83' lang='lat' dir='ltr'><strong>dicuntur</strong></span> <span class='ocrx_word' id='word_1_168' title='bbox 570 2820 710 2904; x_wconf 69' lang='grc' dir='ltr'><strong>τρισσῶν</strong></span> <span class='ocrx_word' id='word_1_169' title='bbox 739 2816 870 2904; x_wconf 75' lang='grc' dir='ltr'><em>ἕργασιή</em></span> <span class='ocrx_word' id='word_1_170' title='bbox 891 2814 1073 2898; x_wconf 75' lang='grc' dir='ltr'>καμάτων),</span> <span class='ocrx_word' id='word_1_171' title='bbox 1099 2841 1130 2879; x_wconf 91' lang='grc' dir='ltr'><strong>ιι.</strong></span> 
     </span>
     <span class='ocr_line' id='line_1_23' title="bbox 156 2935 1072 3013; baseline 0.003 -16"><span class='ocrx_word' id='word_1_172' title='bbox 156 2952 236 2997; x_wconf 77' lang='lat'><strong>12-</strong></span> <span class='ocrx_word' id='word_1_173' title='bbox 252 2937 302 3009; x_wconf 88' lang='lat'><strong>16,</strong></span> <span class='ocrx_word' id='word_1_174' title='bbox 326 2943 513 3013; x_wconf 76' lang='lat'>179—181,</span> <span class='ocrx_word' id='word_1_175' title='bbox 538 2940 730 3011; x_wconf 65' lang='lat'><strong>183*-187;</strong></span> <span class='ocrx_word' id='word_1_176' title='bbox 750 2935 852 2998; x_wconf 85' lang='lat' dir='ltr'><strong>simile</strong></span> <span class='ocrx_word' id='word_1_177' title='bbox 875 2946 922 2996; x_wconf 84' lang='lat' dir='ltr'><strong>est</strong></span> <span class='ocrx_word' id='word_1_178' title='bbox 943 2958 975 2995; x_wconf 86' lang='lat' dir='ltr'><strong>n.</strong></span> <span class='ocrx_word' id='word_1_179' title='bbox 1003 2952 1072 3008; x_wconf 78' lang='lat'>170.</span> 
     </span>
    </p>

    <p class='ocr_par' dir='ltr' id='par_1_5' title="bbox 152 3045 1133 3364">
     <span class='ocr_line' id='line_1_24' title="bbox 234 3045 1131 3136; baseline 0.009 -30"><span class='ocrx_word' id='word_1_180' title='bbox 234 3045 314 3109; x_wconf 85' lang='lat' dir='ltr'><strong>Vers</strong></span> <span class='ocrx_word' id='word_1_181' title='bbox 337 3067 381 3111; x_wconf 66' lang='lat' dir='ltr'><strong>m:</strong></span> <span class='ocrx_word' id='word_1_182' title='bbox 405 3050 438 3133; x_wconf 84' lang='lat' dir='ltr'><strong>in</strong></span> <span class='ocrx_word' id='word_1_183' title='bbox 463 3049 556 3111; x_wconf 84' lang='lat' dir='ltr'><strong>oodd.</strong></span> <span class='ocrx_word' id='word_1_184' title='bbox 579 3051 647 3112; x_wconf 86' lang='lat' dir='ltr'><strong>Pul.</strong></span> <span class='ocrx_word' id='word_1_185' title='bbox 659 3061 692 3113; x_wconf 88' lang='lat' dir='ltr'><strong>et</strong></span> <span class='ocrx_word' id='word_1_186' title='bbox 704 3052 794 3112; x_wconf 84' lang='lat' dir='ltr'><strong>Plun.</strong></span> <span class='ocrx_word' id='word_1_187' title='bbox 816 3053 935 3136; x_wconf 84' lang='lat' dir='ltr'><strong>legitur</strong></span> <span class='ocrx_word' id='word_1_188' title='bbox 947 3050 982 3114; x_wconf 71' lang='grc' dir='ltr'><strong>ἐκ</strong></span> <span class='ocrx_word' id='word_1_189' title='bbox 1000 3047 1131 3132; x_wconf 62' lang='lat' dir='ltr'><strong>(ramos,</strong></span> 
     </span>
     <span class='ocr_line' id='line_1_25' title="bbox 152 3137 1131 3253; baseline 0.001 -27"><span class='ocrx_word' id='word_1_190' title='bbox 152 3162 330 3226; x_wconf 85' lang='lat' dir='ltr'><strong>Brunckius</strong></span> <span class='ocrx_word' id='word_1_191' title='bbox 344 3159 504 3253; x_wconf 62' lang='lat' dir='ltr'><strong>ipflvffl&#39;mv</strong></span> <span class='ocrx_word' id='word_1_192' title='bbox 518 3165 654 3248; x_wconf 79' lang='lat' dir='ltr'><strong>scripsit,</strong></span> <span class='ocrx_word' id='word_1_193' title='bbox 668 3137 780 3228; x_wconf 77' lang='lat' dir='ltr'><strong>nescio¹</strong></span> <span class='ocrx_word' id='word_1_194' title='bbox 789 3191 829 3229; x_wconf 88' lang='lat' dir='ltr'><strong>an</strong></span> <span class='ocrx_word' id='word_1_195' title='bbox 846 3188 911 3231; x_wconf 75' lang='lat' dir='ltr'><strong>nen</strong></span> <span class='ocrx_word' id='word_1_196' title='bbox 927 3191 963 3230; x_wconf 85' lang='lat' dir='ltr'><strong>ex</strong></span> <span class='ocrx_word' id='word_1_197' title='bbox 975 3168 1131 3237; x_wconf 60' lang='lat' dir='ltr'><strong>mevam</strong></span> 
     </span>
     <span class='ocr_line' id='line_1_26' title="bbox 155 3260 1133 3364; baseline -0.001 -23"><span class='ocrx_word' id='word_1_198' title='bbox 155 3277 313 3341; x_wconf 87' lang='lat' dir='ltr'><strong>lacobsius</strong></span> <span class='ocrx_word' id='word_1_199' title='bbox 342 3277 478 3342; x_wconf 86' lang='lat' dir='ltr'><strong>miratur</strong></span> <span class='ocrx_word' id='word_1_200' title='bbox 506 3278 541 3340; x_wconf 73' lang='lat' dir='ltr'><strong>id</strong></span> <span class='ocrx_word' id='word_1_201' title='bbox 562 3301 582 3341; x_wconf 88' lang='lat' dir='ltr'><strong>a</strong></span> <span class='ocrx_word' id='word_1_202' title='bbox 600 3278 762 3342; x_wconf 81' lang='lat' dir='ltr'><strong>Brunekio</strong></span> <span class='ocrx_word' id='word_1_203' title='bbox 780 3260 912 3344; x_wconf 73' lang='lat' dir='ltr'><strong>¹iactum</strong></span> <span class='ocrx_word' id='word_1_204' title='bbox 933 3305 1011 3360; x_wconf 83' lang='lat' dir='ltr'><strong>esse,</strong></span> <span class='ocrx_word' id='word_1_205' title='bbox 1034 3304 1133 3364; x_wconf 89' lang='lat' dir='ltr'><strong>quum</strong></span> 
     </span>
    </p>

    <p class='ocr_par' dir='ltr' id='par_1_6' title="bbox 81 3391 1135 3948">
     <span class='ocr_line' id='line_1_27' title="bbox 153 3391 1134 3477; baseline 0.002 -23"><span class='ocrx_word' id='word_1_206' title='bbox 153 3391 253 3472; x_wconf 68' lang='grc' dir='ltr'><strong>βύθιιι</strong></span> <span class='ocrx_word' id='word_1_207' title='bbox 273 3393 395 3456; x_wconf 88' lang='lat' dir='ltr'><strong>bonum</strong></span> <span class='ocrx_word' id='word_1_208' title='bbox 409 3402 581 3477; x_wconf 84' lang='lat' dir='ltr'><strong>aptumque</strong></span> <span class='ocrx_word' id='word_1_209' title='bbox 603 3394 794 3457; x_wconf 78' lang='lat' dir='ltr'><strong>vocabulum</strong></span> <span class='ocrx_word' id='word_1_210' title='bbox 814 3399 870 3458; x_wconf 83' lang='lat' dir='ltr'><strong>sit:</strong></span> <span class='ocrx_word' id='word_1_211' title='bbox 891 3397 968 3458; x_wconf 86' lang='lat' dir='ltr'><strong>huie</strong></span> <span class='ocrx_word' id='word_1_212' title='bbox 988 3394 1060 3457; x_wconf 86' lang='lat' dir='ltr'><strong>voci</strong></span> <span class='ocrx_word' id='word_1_213' title='bbox 1077 3394 1134 3456; x_wconf 88' lang='lat' dir='ltr'><strong>de-</strong></span> 
     </span>
     <span class='ocr_line' id='line_1_28' title="bbox 81 3486 1132 3600; baseline 0.006 -34"><span class='ocrx_word' id='word_1_214' title='bbox 81 3486 84 3491; x_wconf 28' lang='grc' dir='ltr'>Ι</span> <span class='ocrx_word' id='word_1_215' title='bbox 155 3508 297 3570; x_wconf 86' lang='lat' dir='ltr'><strong>fensione</strong></span> <span class='ocrx_word' id='word_1_216' title='bbox 325 3508 414 3570; x_wconf 87' lang='lat' dir='ltr'><strong>nulla</strong></span> <span class='ocrx_word' id='word_1_217' title='bbox 446 3530 525 3593; x_wconf 89' lang='lat' dir='ltr'><strong>opus</strong></span> <span class='ocrx_word' id='word_1_218' title='bbox 554 3517 610 3587; x_wconf 83' lang='lat' dir='ltr'><strong>est,</strong></span> <span class='ocrx_word' id='word_1_219' title='bbox 639 3508 695 3572; x_wconf 90' lang='lat' dir='ltr'><strong>sed</strong></span> <span class='ocrx_word' id='word_1_220' title='bbox 723 3510 916 3595; x_wconf 85' lang='lat' dir='ltr'><strong>praepositio</strong></span> <span class='ocrx_word' id='word_1_221' title='bbox 945 3512 980 3573; x_wconf 77' lang='grc' dir='ltr'><strong>ἐκ</strong></span> <span class='ocrx_word' id='word_1_222' title='bbox 1001 3508 1132 3600; x_wconf 71' lang='lat' dir='ltr'><strong>minime</strong></span> 
     </span>
     <span class='ocr_line' id='line_1_29' title="bbox 157 3611 1133 3715; baseline 0.008 -32"><span class='ocrx_word' id='word_1_223' title='bbox 157 3624 306 3709; x_wconf 52' lang='lat' dir='ltr'><strong>(paredrum</strong></span> <span class='ocrx_word' id='word_1_224' title='bbox 330 3651 395 3690; x_wconf 91' lang='lat' dir='ltr'><strong>non</strong></span> <span class='ocrx_word' id='word_1_225' title='bbox 419 3629 504 3693; x_wconf 87' lang='lat' dir='ltr'><strong>enim</strong></span> <span class='ocrx_word' id='word_1_226' title='bbox 525 3648 540 3690; x_wconf 85' lang='lat' dir='ltr'><strong>e</strong></span> <span class='ocrx_word' id='word_1_227' title='bbox 557 3629 689 3715; x_wconf 81' lang='lat' dir='ltr'><strong>piscibus</strong></span> <span class='ocrx_word' id='word_1_228' title='bbox 709 3632 793 3693; x_wconf 84' lang='lat' dir='ltr'><strong>retia</strong></span> <span class='ocrx_word' id='word_1_229' title='bbox 813 3635 1053 3703; x_wconf 84' lang='lat' dir='ltr'><strong>consecrantur,</strong></span> <span class='ocrx_word' id='word_1_230' title='bbox 1078 3611 1133 3691; x_wconf 82' lang='lat' dir='ltr'><strong>sed</strong></span> 
     </span>
     <span class='ocr_line' id='line_1_30' title="bbox 158 3739 1134 3829; baseline 0.004 -27"><span class='ocrx_word' id='word_1_231' title='bbox 158 3739 238 3804; x_wconf 82' lang='lat' dir='ltr'><strong>retia</strong></span> <span class='ocrx_word' id='word_1_232' title='bbox 258 3741 328 3804; x_wconf 75' lang='lat' dir='ltr'><strong>inde</strong></span> <span class='ocrx_word' id='word_1_233' title='bbox 348 3765 371 3807; x_wconf 86' lang='lat' dir='ltr'><strong>a</strong></span> <span class='ocrx_word' id='word_1_234' title='bbox 387 3746 518 3827; x_wconf 72' lang='lat' dir='ltr'><strong>piscibus</strong></span> <span class='ocrx_word' id='word_1_235' title='bbox 540 3747 562 3810; x_wconf 84' lang='lat' dir='ltr'><strong>i.</strong></span> <span class='ocrx_word' id='word_1_236' title='bbox 585 3768 613 3810; x_wconf 86' lang='lat' dir='ltr'><strong>e.</strong></span> <span class='ocrx_word' id='word_1_237' title='bbox 628 3748 815 3829; x_wconf 71' lang='lat' dir='ltr'><strong>piscatoria.</strong></span> <span class='ocrx_word' id='word_1_238' title='bbox 859 3742 999 3805; x_wconf 85' lang='lat' dir='ltr'><strong>Genitivi</strong></span> <span class='ocrx_word' id='word_1_239' title='bbox 1024 3765 1134 3808; x_wconf 85' lang='lat' dir='ltr'><strong>omnes</strong></span> 
     </span>
     <span class='ocr_line' id='line_1_31' title="bbox 156 3854 1135 3948; baseline 0.008 -30"><span class='ocrx_word' id='word_1_240' title='bbox 156 3854 300 3938; x_wconf 86' lang='lat' dir='ltr'><strong>pendent</strong></span> <span class='ocrx_word' id='word_1_241' title='bbox 320 3878 338 3920; x_wconf 83' lang='lat' dir='ltr'><strong>a</strong></span> <span class='ocrx_word' id='word_1_242' title='bbox 359 3881 508 3944; x_wconf 84' lang='lat' dir='ltr'><strong>praepos.</strong></span> <span class='ocrx_word' id='word_1_243' title='bbox 528 3854 603 3943; x_wconf 75' lang='lat' dir='ltr'><strong>riui,</strong></span> <span class='ocrx_word' id='word_1_244' title='bbox 617 3882 698 3948; x_wconf 85' lang='lat' dir='ltr'><strong>quae</strong></span> <span class='ocrx_word' id='word_1_245' title='bbox 720 3862 766 3926; x_wconf 89' lang='lat' dir='ltr'><strong>nil</strong></span> <span class='ocrx_word' id='word_1_246' title='bbox 783 3860 871 3924; x_wconf 84' lang='lat' dir='ltr'><strong>aliud</strong></span> <span class='ocrx_word' id='word_1_247' title='bbox 886 3859 1021 3941; x_wconf 85' lang='lat' dir='ltr'><strong>indicat,</strong></span> <span class='ocrx_word' id='word_1_248' title='bbox 1039 3884 1135 3947; x_wconf 82' lang='lat' dir='ltr'><strong>qnam</strong></span> 
     </span>
    </p>
   </div>
   <div class='ocr_carea' id='block_1_4' title="bbox 0 0 1353 4484">
    <p class='ocr_par' dir='ltr' id='par_1_7' title="bbox 0 0 1353 4484">
     <span class='ocr_line' id='line_1_32' title="bbox 0 0 1353 4484; baseline 0 0"><span class='ocrx_word' id='word_1_249' title='bbox 0 0 1353 4484; x_wconf 95' lang='lat' dir='ltr'><strong> </strong></span> 
     </span>
    </p>
   </div>
  </div>
 </body>
</html>
