<?xml version="1.0" encoding="UTF-8"?>
<!DOCTYPE html PUBLIC "-//W3C//DTD XHTML 1.0 Transitional//EN"
    "http://www.w3.org/TR/xhtml1/DTD/xhtml1-transitional.dtd">
<html xmlns="http://www.w3.org/1999/xhtml" xml:lang="en" lang="en">
 <head>
  <title>
</title>
<meta http-equiv="Content-Type" content="text/html;charset=utf-8" />
  <meta name='ocr-system' content='tesseract 3.04.00' />
  <meta name='ocr-capabilities' content='ocr_page ocr_carea ocr_par ocr_line ocrx_word'/>
</head>
<body>
  <div class='ocr_page' id='page_1' title='image "./alexandriaetoli00capegoog_0058.png"; bbox 0 0 2666 4484; ppageno 0'>
   <div class='ocr_carea' id='block_1_1' title="bbox 461 297 1130 373">
    <p class='ocr_par' dir='ltr' id='par_1_1' title="bbox 461 297 1130 373">
     <span class='ocr_line' id='line_1_1' title="bbox 461 297 1130 373; baseline 0.01 -7"><span class='ocrx_word' id='word_1_1' title='bbox 461 316 739 369; x_wconf 80' lang='lat' dir='ltr'><strong>rasonuurun</strong></span> <span class='ocrx_word' id='word_1_2' title='bbox 773 318 826 367; x_wconf 80' lang='lat' dir='ltr'><strong>rr.</strong></span> <span class='ocrx_word' id='word_1_3' title='bbox 1082 297 1130 373; x_wconf 74' lang='lat' dir='ltr'><strong>Aa</strong></span> 
     </span>
    </p>
   </div>
   <div class='ocr_carea' id='block_1_2' title="bbox 190 482 1132 576">
    <p class='ocr_par' dir='ltr' id='par_1_2' title="bbox 190 482 1132 576">
     <span class='ocr_line' id='line_1_2' title="bbox 190 482 1132 576; baseline 0.048 -65"><span class='ocrx_word' id='word_1_4' title='bbox 190 487 224 557; x_wconf 79' lang='grc' dir='ltr'><em>Ὁ</em></span> <span class='ocrx_word' id='word_1_5' title='bbox 237 483 269 556; x_wconf 59' lang='lat'><strong>3³</strong></span> <span class='ocrx_word' id='word_1_6' title='bbox 280 482 657 573; x_wconf 49' lang='grc' dir='ltr'><strong><em>Ἀναξαγόρουτρὸφιμος</em></strong></span> <span class='ocrx_word' id='word_1_7' title='bbox 671 490 830 573; x_wconf 65' lang='grc' dir='ltr'><strong>στρυφνὸς</strong></span> <span class='ocrx_word' id='word_1_8' title='bbox 849 484 908 568; x_wconf 72' lang='grc' dir='ltr'><strong>μὲν</strong></span> <span class='ocrx_word' id='word_1_9' title='bbox 922 483 1132 576; x_wconf 68' lang='grc' dir='ltr'><strong>ἔοικενέμοίγε</strong></span> 
     </span>
    </p>
   </div>
   <div class='ocr_carea' id='block_1_3' title="bbox 189 579 1130 884">
    <p class='ocr_par' dir='ltr' id='par_1_3' title="bbox 189 579 1130 884">
     <span class='ocr_line' id='line_1_3' title="bbox 885 579 1072 652; baseline 0.021 -20"><span class='ocrx_word' id='word_1_10' title='bbox 885 579 1072 652; x_wconf 66' lang='grc' dir='ltr'><strong><em>προσειπεῖν,</em></strong></span> 
     </span>
     <span class='ocr_line' id='line_1_4' title="bbox 194 673 1130 769; baseline -0.002 -18"><span class='ocrx_word' id='word_1_11' title='bbox 194 683 265 751; x_wconf 74' lang='grc' dir='ltr'><strong>Καὶ</strong></span> <span class='ocrx_word' id='word_1_12' title='bbox 269 680 455 766; x_wconf 78' lang='grc' dir='ltr'><strong><em>μισογέλως,</em></strong></span> <span class='ocrx_word' id='word_1_13' title='bbox 461 681 517 746; x_wconf 82' lang='grc' dir='ltr'><strong><em>καί</em></strong></span> <span class='ocrx_word' id='word_1_14' title='bbox 520 677 671 761; x_wconf 71' lang='grc' dir='ltr'><strong>τωθάζειν</strong></span> <span class='ocrx_word' id='word_1_15' title='bbox 678 673 821 766; x_wconf 55' lang='lat' dir='ltr'><strong>alatne&amp;</strong></span> <span class='ocrx_word' id='word_1_16' title='bbox 835 675 920 748; x_wconf 75' lang='grc' dir='ltr'><strong><em>οἶνον</em></strong></span> <span class='ocrx_word' id='word_1_17' title='bbox 930 683 1130 769; x_wconf 71' lang='grc' dir='ltr'><strong><em>μεμαθηκώς,</em></strong></span> 
     </span>
     <span class='ocr_line' id='line_1_5' title="bbox 189 789 1127 884; baseline -0.001 -20"><span class='ocrx_word' id='word_1_18' title='bbox 189 789 1127 884; x_wconf 67' lang='grc' dir='ltr'><strong><em>Ἀλλ’ὅτιγράψιιι,τοῦτ’ἂνμέλιτοςκαίΣνιρὴνωνἕτετεὺχει.</em></strong></span> 
     </span>
    </p>
   </div>
   <div class='ocr_carea' id='block_1_4' title="bbox 144 941 1131 3331">
    <p class='ocr_par' dir='ltr' id='par_1_4' title="bbox 149 941 1131 1585">
     <span class='ocr_line' id='line_1_6' title="bbox 153 941 1127 1032; baseline -0.001 -22"><span class='ocrx_word' id='word_1_19' title='bbox 153 950 241 1011; x_wconf 90' lang='lat' dir='ltr'><strong>Olim</strong></span> <span class='ocrx_word' id='word_1_20' title='bbox 259 948 423 1032; x_wconf 78' lang='lat' dir='ltr'><strong>legebatur</strong></span> <span class='ocrx_word' id='word_1_21' title='bbox 446 941 463 1009; x_wconf 82' lang='grc' dir='ltr'>ὅ</span> <span class='ocrx_word' id='word_1_22' title='bbox 486 945 531 1025; x_wconf 80' lang='grc' dir='ltr'><strong>δὲ,</strong></span> <span class='ocrx_word' id='word_1_23' title='bbox 553 945 780 1008; x_wconf 80' lang='lat' dir='ltr'><strong>Valckenarius</strong></span> <span class='ocrx_word' id='word_1_24' title='bbox 801 946 842 1007; x_wconf 90' lang='lat' dir='ltr'><strong>ad</strong></span> <span class='ocrx_word' id='word_1_25' title='bbox 858 945 980 1008; x_wconf 87' lang='lat' dir='ltr'><strong>Phoen.</strong></span> <span class='ocrx_word' id='word_1_26' title='bbox 1001 971 1033 1031; x_wconf 83' lang='lat' dir='ltr'><strong>p.</strong></span> <span class='ocrx_word' id='word_1_27' title='bbox 1056 951 1127 1014; x_wconf 79' lang='lat'><strong>588.</strong></span> 
     </span>
     <span class='ocr_line' id='line_1_7' title="bbox 150 1056 1129 1148; baseline -0.003 -21"><span class='ocrx_word' id='word_1_28' title='bbox 150 1058 240 1134; x_wconf 79' lang='grc' dir='ltr'><strong>ὃδ’;</strong></span> <span class='ocrx_word' id='word_1_29' title='bbox 265 1064 348 1125; x_wconf 83' lang='lat' dir='ltr'><strong>inter</strong></span> <span class='ocrx_word' id='word_1_30' title='bbox 371 1058 526 1148; x_wconf 76' lang='grc' dir='ltr'><strong><em>τρόφιμος</em></strong></span> <span class='ocrx_word' id='word_1_31' title='bbox 548 1071 581 1124; x_wconf 89' lang='lat' dir='ltr'><strong>et</strong></span> <span class='ocrx_word' id='word_1_32' title='bbox 600 1062 762 1145; x_wconf 83' lang='grc' dir='ltr'><strong><em>στρυφνός</em></strong></span> <span class='ocrx_word' id='word_1_33' title='bbox 793 1062 960 1145; x_wconf 82' lang='lat' dir='ltr'><strong>legebatur</strong></span> <span class='ocrx_word' id='word_1_34' title='bbox 986 1056 1129 1142; x_wconf 74' lang='grc' dir='ltr'><strong><em>ἀρχαῖον,</em></strong></span> 
     </span>
     <span class='ocr_line' id='line_1_8' title="bbox 153 1176 1128 1262; baseline -0.005 -21"><span class='ocrx_word' id='word_1_35' title='bbox 153 1180 238 1262; x_wconf 91' lang='lat' dir='ltr'><strong>quod</strong></span> <span class='ocrx_word' id='word_1_36' title='bbox 254 1177 482 1241; x_wconf 80' lang='lat' dir='ltr'><strong>Valckenarius</strong></span> <span class='ocrx_word' id='word_1_37' title='bbox 499 1180 707 1240; x_wconf 90' lang='lat' dir='ltr'><strong>commutavit</strong></span> <span class='ocrx_word' id='word_1_38' title='bbox 719 1179 825 1239; x_wconf 90' lang='lat' dir='ltr'><strong>minus</strong></span> <span class='ocrx_word' id='word_1_39' title='bbox 840 1186 917 1240; x_wconf 86' lang='lat' dir='ltr'><strong>nota</strong></span> <span class='ocrx_word' id='word_1_40' title='bbox 930 1197 1009 1237; x_wconf 86' lang='lat' dir='ltr'><strong>voce</strong></span> <span class='ocrx_word' id='word_1_41' title='bbox 1023 1176 1128 1256; x_wconf 77' lang='grc' dir='ltr'><strong><em>χιιιοῦ,</em></strong></span> 
     </span>
     <span class='ocr_line' id='line_1_9' title="bbox 153 1289 1131 1376; baseline -0.005 -20"><span class='ocrx_word' id='word_1_42' title='bbox 153 1304 185 1356; x_wconf 87' lang='lat' dir='ltr'><strong>et</strong></span> <span class='ocrx_word' id='word_1_43' title='bbox 210 1296 345 1357; x_wconf 85' lang='lat' dir='ltr'><strong>verbum</strong></span> <span class='ocrx_word' id='word_1_44' title='bbox 373 1289 464 1368; x_wconf 76' lang='grc' dir='ltr'><strong><em>ἔοικε,</em></strong></span> <span class='ocrx_word' id='word_1_45' title='bbox 503 1291 590 1376; x_wconf 82' lang='lat' dir='ltr'><strong>quod</strong></span> <span class='ocrx_word' id='word_1_46' title='bbox 631 1302 704 1354; x_wconf 86' lang='lat' dir='ltr'><strong>ante</strong></span> <span class='ocrx_word' id='word_1_47' title='bbox 742 1299 922 1375; x_wconf 76' lang='grc' dir='ltr'><strong><em>προσειπεῖν</em></strong></span> <span class='ocrx_word' id='word_1_48' title='bbox 953 1290 1131 1374; x_wconf 82' lang='lat' dir='ltr'><strong>legebatur,</strong></span> 
     </span>
     <span class='ocr_line' id='line_1_10' title="bbox 150 1407 1131 1492; baseline -0.003 -21"><span class='ocrx_word' id='word_1_49' title='bbox 150 1409 261 1471; x_wconf 83' lang='lat' dir='ltr'><strong>omisit</strong></span> <span class='ocrx_word' id='word_1_50' title='bbox 281 1407 617 1492; x_wconf 81' lang='lat' dir='ltr'><strong>anctoritateFraneq.</strong></span> <span class='ocrx_word' id='word_1_51' title='bbox 639 1408 765 1471; x_wconf 81' lang='lat' dir='ltr'><strong>Codicis</strong></span> <span class='ocrx_word' id='word_1_52' title='bbox 785 1432 861 1481; x_wconf 87' lang='lat' dir='ltr'><strong>ms.;</strong></span> <span class='ocrx_word' id='word_1_53' title='bbox 880 1418 985 1471; x_wconf 86' lang='lat' dir='ltr'><strong>totum</strong></span> <span class='ocrx_word' id='word_1_54' title='bbox 1005 1428 1131 1469; x_wconf 88' lang='lat' dir='ltr'><strong>versum</strong></span> 
     </span>
     <span class='ocr_line' id='line_1_11' title="bbox 149 1522 412 1585; baseline -0.008 -1"><span class='ocrx_word' id='word_1_55' title='bbox 149 1523 196 1584; x_wconf 87' lang='lat' dir='ltr'><strong>sio</strong></span> <span class='ocrx_word' id='word_1_56' title='bbox 216 1522 412 1585; x_wconf 82' lang='lat' dir='ltr'><strong>emendavit:</strong></span> 
     </span>
    </p>

    <p class='ocr_par' dir='ltr' id='par_1_5' title="bbox 229 1628 1129 1724">
     <span class='ocr_line' id='line_1_12' title="bbox 229 1628 1129 1724; baseline 0.003 -23"><span class='ocrx_word' id='word_1_57' title='bbox 229 1631 265 1702; x_wconf 84' lang='lat' dir='ltr'><strong>‘O</strong></span> <span class='ocrx_word' id='word_1_58' title='bbox 285 1629 318 1700; x_wconf 82' lang='grc' dir='ltr'><strong>δ’</strong></span> <span class='ocrx_word' id='word_1_59' title='bbox 334 1628 550 1721; x_wconf 72' lang='grc' dir='ltr'><strong><em>Ἀναξαγόραν</em></strong></span> <span class='ocrx_word' id='word_1_60' title='bbox 580 1632 736 1722; x_wconf 80' lang='grc' dir='ltr'><strong><em>τρόφιμος</em></strong></span> <span class='ocrx_word' id='word_1_61' title='bbox 761 1640 857 1719; x_wconf 78' lang='grc' dir='ltr'><strong><em>χοιιοῧ</em></strong></span> <span class='ocrx_word' id='word_1_62' title='bbox 886 1641 1043 1724; x_wconf 77' lang='grc' dir='ltr'><strong><em>στρυφνός</em></strong></span> <span class='ocrx_word' id='word_1_63' title='bbox 1071 1638 1129 1720; x_wconf 76' lang='grc' dir='ltr'><strong>μὲν</strong></span> 
     </span>
    </p>

    <p class='ocr_par' dir='ltr' id='par_1_6' title="bbox 694 1750 1089 1834">
     <span class='ocr_line' id='line_1_13' title="bbox 694 1750 1089 1834; baseline 0.008 -20"><span class='ocrx_word' id='word_1_64' title='bbox 694 1788 697 1793; x_wconf 87' lang='lat'><strong>·</strong></span> <span class='ocrx_word' id='word_1_65' title='bbox 761 1750 879 1834; x_wconf 77' lang='grc' dir='ltr'><strong><em>ἒμοίγε</em></strong></span> <span class='ocrx_word' id='word_1_66' title='bbox 900 1762 1089 1834; x_wconf 74' lang='grc' dir='ltr'><strong><em>προσειπεῖν.</em></strong></span> 
     </span>
    </p>

    <p class='ocr_par' dir='ltr' id='par_1_7' title="bbox 144 1863 1129 3331">
     <span class='ocr_line' id='line_1_14' title="bbox 210 1863 1129 1947; baseline 0 -18"><span class='ocrx_word' id='word_1_67' title='bbox 210 1865 411 1929; x_wconf 83' lang='lat' dir='ltr'><strong>Vocabulum</strong></span> <span class='ocrx_word' id='word_1_68' title='bbox 430 1863 528 1947; x_wconf 78' lang='grc' dir='ltr'><strong>χαιοῦ</strong></span> <span class='ocrx_word' id='word_1_69' title='bbox 542 1887 607 1927; x_wconf 87' lang='lat' dir='ltr'><strong>non</strong></span> <span class='ocrx_word' id='word_1_70' title='bbox 624 1865 721 1928; x_wconf 88' lang='lat' dir='ltr'><strong>modo</strong></span> <span class='ocrx_word' id='word_1_71' title='bbox 739 1865 841 1929; x_wconf 87' lang='lat' dir='ltr'><strong>minus</strong></span> <span class='ocrx_word' id='word_1_72' title='bbox 856 1878 967 1929; x_wconf 91' lang='lat' dir='ltr'><strong>notum</strong></span> <span class='ocrx_word' id='word_1_73' title='bbox 991 1878 1048 1947; x_wconf 87' lang='lat' dir='ltr'><strong>est,</strong></span> <span class='ocrx_word' id='word_1_74' title='bbox 1073 1867 1129 1930; x_wconf 89' lang='lat' dir='ltr'><strong>sed</strong></span> 
     </span>
     <span class='ocr_line' id='line_1_15' title="bbox 150 1982 1127 2068; baseline 0.002 -26"><span class='ocrx_word' id='word_1_75' title='bbox 150 2001 191 2042; x_wconf 91' lang='lat' dir='ltr'><strong>ne</strong></span> <span class='ocrx_word' id='word_1_76' title='bbox 211 1982 516 2066; x_wconf 80' lang='lat' dir='ltr'><strong>Atticum&#39;quidem:</strong></span> <span class='ocrx_word' id='word_1_77' title='bbox 547 1991 595 2044; x_wconf 88' lang='lat' dir='ltr'><strong>ast</strong></span> <span class='ocrx_word' id='word_1_78' title='bbox 624 1983 711 2045; x_wconf 84' lang='lat' dir='ltr'><strong>eninr</strong></span> <span class='ocrx_word' id='word_1_79' title='bbox 740 1985 949 2061; x_wconf 87' lang='lat' dir='ltr'><strong>Laconicum,</strong></span> <span class='ocrx_word' id='word_1_80' title='bbox 979 1987 1034 2057; x_wconf 77' lang='lat' dir='ltr'><strong>Ar.</strong></span> <span class='ocrx_word' id='word_1_81' title='bbox 1056 1985 1127 2068; x_wconf 87' lang='lat' dir='ltr'><strong>Lys.</strong></span> 
     </span>
     <span class='ocr_line' id='line_1_16' title="bbox 147 2097 1127 2184; baseline 0.006 -26"><span class='ocrx_word' id='word_1_82' title='bbox 147 2119 177 2160; x_wconf 90' lang='lat' dir='ltr'><strong>v.</strong></span> <span class='ocrx_word' id='word_1_83' title='bbox 200 2115 249 2178; x_wconf 76' lang='grc' dir='ltr'><strong>ρο.</strong></span> <span class='ocrx_word' id='word_1_84' title='bbox 274 2099 361 2163; x_wconf 84' lang='lat'>1160.</span> <span class='ocrx_word' id='word_1_85' title='bbox 403 2097 528 2161; x_wconf 85' lang='lat' dir='ltr'>Deinde</span> <span class='ocrx_word' id='word_1_86' title='bbox 549 2097 674 2161; x_wconf 83' lang='lat' dir='ltr'><strong>librarii</strong></span> <span class='ocrx_word' id='word_1_87' title='bbox 692 2119 756 2160; x_wconf 89' lang='lat' dir='ltr'><strong>non</strong></span> <span class='ocrx_word' id='word_1_88' title='bbox 779 2101 823 2160; x_wconf 89' lang='lat' dir='ltr'><strong>ita</strong></span> <span class='ocrx_word' id='word_1_89' title='bbox 846 2099 938 2161; x_wconf 87' lang='lat' dir='ltr'><strong>facile</strong></span> <span class='ocrx_word' id='word_1_90' title='bbox 959 2123 1019 2184; x_wconf 90' lang='lat' dir='ltr'><strong>pro</strong></span> <span class='ocrx_word' id='word_1_91' title='bbox 1029 2100 1127 2182; x_wconf 84' lang='grc' dir='ltr'><strong>χαιοῦ</strong></span> 
     </span>
     <span class='ocr_line' id='line_1_17' title="bbox 148 2210 1124 2297; baseline 0.004 -25"><span class='ocrx_word' id='word_1_92' title='bbox 148 2234 250 2294; x_wconf 87' lang='lat' dir='ltr'><strong>neque</strong></span> <span class='ocrx_word' id='word_1_93' title='bbox 265 2212 361 2288; x_wconf 86' lang='lat' dir='ltr'><strong>sorte,</strong></span> <span class='ocrx_word' id='word_1_94' title='bbox 371 2234 475 2295; x_wconf 88' lang='lat' dir='ltr'><strong>neque</strong></span> <span class='ocrx_word' id='word_1_95' title='bbox 488 2213 527 2273; x_wconf 91' lang='lat' dir='ltr'><strong>de</strong></span> <span class='ocrx_word' id='word_1_96' title='bbox 541 2213 697 2274; x_wconf 84' lang='lat' dir='ltr'><strong>industria</strong></span> <span class='ocrx_word' id='word_1_97' title='bbox 712 2215 855 2275; x_wconf 88' lang='lat' dir='ltr'><strong>scribere</strong></span> <span class='ocrx_word' id='word_1_98' title='bbox 868 2215 972 2275; x_wconf 88' lang='lat' dir='ltr'><strong>solent</strong></span> <span class='ocrx_word' id='word_1_99' title='bbox 982 2210 1124 2297; x_wconf 76' lang='grc' dir='ltr'><strong><em>ἀρχαίου.</em></strong></span> 
     </span>
     <span class='ocr_line' id='line_1_18' title="bbox 148 2324 1126 2407; baseline 0.002 -19"><span class='ocrx_word' id='word_1_100' title='bbox 148 2325 229 2388; x_wconf 85' lang='lat' dir='ltr'>Mihi</span> <span class='ocrx_word' id='word_1_101' title='bbox 251 2324 382 2407; x_wconf 83' lang='lat' dir='ltr'><strong>quidem</strong></span> <span class='ocrx_word' id='word_1_102' title='bbox 403 2334 471 2386; x_wconf 89' lang='lat' dir='ltr'><strong>tota</strong></span> <span class='ocrx_word' id='word_1_103' title='bbox 490 2347 549 2385; x_wconf 84' lang='lat' dir='ltr'><strong>vox</strong></span> <span class='ocrx_word' id='word_1_104' title='bbox 570 2325 698 2386; x_wconf 85' lang='lat' dir='ltr'><strong>videtur</strong></span> <span class='ocrx_word' id='word_1_105' title='bbox 730 2325 880 2386; x_wconf 87' lang='lat' dir='ltr'><strong>delenda:</strong></span> <span class='ocrx_word' id='word_1_106' title='bbox 911 2329 1126 2391; x_wconf 73' lang='lat' dir='ltr'><strong>nescio&#39;enim</strong></span> 
     </span>
     <span class='ocr_line' id='line_1_19' title="bbox 148 2438 1125 2521; baseline 0.002 -21"><span class='ocrx_word' id='word_1_107' title='bbox 148 2460 207 2501; x_wconf 92' lang='lat' dir='ltr'><strong>cur</strong></span> <span class='ocrx_word' id='word_1_108' title='bbox 226 2442 442 2521; x_wconf 80' lang='lat' dir='ltr'><strong>Anaxagoram</strong></span> <span class='ocrx_word' id='word_1_109' title='bbox 462 2438 590 2498; x_wconf 78' lang='lat' dir='ltr'><strong>Aetolus</strong></span> <span class='ocrx_word' id='word_1_110' title='bbox 611 2452 744 2498; x_wconf 81' lang='lat' dir='ltr'><strong>veterem</strong></span> <span class='ocrx_word' id='word_1_111' title='bbox 761 2438 975 2521; x_wconf 86' lang='lat' dir='ltr'><strong>appellaverit.</strong></span> <span class='ocrx_word' id='word_1_112' title='bbox 1002 2441 1125 2502; x_wconf 89' lang='lat' dir='ltr'><strong>Vocem</strong></span> 
     </span>
     <span class='ocr_line' id='line_1_20' title="bbox 144 2550 1124 2638; baseline 0 -20"><span class='ocrx_word' id='word_1_113' title='bbox 144 2550 281 2638; x_wconf 74' lang='grc' dir='ltr'><strong><em>ἀρχαῖον</em></strong></span> <span class='ocrx_word' id='word_1_114' title='bbox 303 2554 434 2616; x_wconf 85' lang='lat' dir='ltr'><strong>fortasse</strong></span> <span class='ocrx_word' id='word_1_115' title='bbox 460 2564 514 2615; x_wconf 85' lang='lat' dir='ltr'><strong>aut</strong></span> <span class='ocrx_word' id='word_1_116' title='bbox 535 2553 646 2615; x_wconf 86' lang='lat' dir='ltr'><strong>doctus</strong></span> <span class='ocrx_word' id='word_1_117' title='bbox 665 2552 795 2637; x_wconf 90' lang='lat' dir='ltr'><strong>quidam</strong></span> <span class='ocrx_word' id='word_1_118' title='bbox 815 2554 975 2630; x_wconf 86' lang='lat' dir='ltr'><strong>librarius,</strong></span> <span class='ocrx_word' id='word_1_119' title='bbox 998 2564 1053 2615; x_wconf 87' lang='lat' dir='ltr'><strong>aut</strong></span> <span class='ocrx_word' id='word_1_120' title='bbox 1069 2559 1124 2638; x_wconf 82' lang='lat' dir='ltr'><strong>qui</strong></span> 
     </span>
     <span class='ocr_line' id='line_1_21' title="bbox 146 2669 1122 2754; baseline 0.001 -23"><span class='ocrx_word' id='word_1_121' title='bbox 146 2670 272 2754; x_wconf 81' lang='lat' dir='ltr'><strong>legebat</strong></span> <span class='ocrx_word' id='word_1_122' title='bbox 300 2670 358 2731; x_wconf 80' lang='lat' dir='ltr'><strong>lios</strong></span> <span class='ocrx_word' id='word_1_123' title='bbox 386 2691 503 2746; x_wconf 86' lang='lat' dir='ltr'><strong>versus,</strong></span> <span class='ocrx_word' id='word_1_124' title='bbox 533 2669 651 2730; x_wconf 84' lang='lat' dir='ltr'><strong>adiecit</strong></span> <span class='ocrx_word' id='word_1_125' title='bbox 672 2679 708 2730; x_wconf 82' lang='lat' dir='ltr'><strong>ut</strong></span> <span class='ocrx_word' id='word_1_126' title='bbox 729 2669 886 2730; x_wconf 87' lang='lat' dir='ltr'><strong>indicaret</strong></span> <span class='ocrx_word' id='word_1_127' title='bbox 911 2670 1122 2753; x_wconf 80' lang='lat' dir='ltr'><strong>Anaxagoram</strong></span> 
     </span>
     <span class='ocr_line' id='line_1_22' title="bbox 146 2785 1124 2871; baseline 0.001 -22"><span class='ocrx_word' id='word_1_128' title='bbox 146 2788 311 2871; x_wconf 88' lang='lat' dir='ltr'><strong>antiquum</strong></span> <span class='ocrx_word' id='word_1_129' title='bbox 346 2787 436 2848; x_wconf 89' lang='lat' dir='ltr'><strong>illum</strong></span> <span class='ocrx_word' id='word_1_130' title='bbox 474 2785 701 2870; x_wconf 87' lang='lat' dir='ltr'><strong>philosophum</strong></span> <span class='ocrx_word' id='word_1_131' title='bbox 730 2807 806 2867; x_wconf 86' lang='lat' dir='ltr'><strong>esse,</strong></span> <span class='ocrx_word' id='word_1_132' title='bbox 838 2807 902 2848; x_wconf 92' lang='lat' dir='ltr'><strong>non</strong></span> <span class='ocrx_word' id='word_1_133' title='bbox 930 2787 1124 2850; x_wconf 86' lang='lat' dir='ltr'><strong>Isocrateum</strong></span> 
     </span>
     <span class='ocr_line' id='line_1_23' title="bbox 146 2901 1123 2987; baseline 0.002 -25"><span class='ocrx_word' id='word_1_134' title='bbox 146 2901 320 2979; x_wconf 88' lang='lat' dir='ltr'><strong>rhetorem,</strong></span> <span class='ocrx_word' id='word_1_135' title='bbox 342 2914 396 2965; x_wconf 87' lang='lat' dir='ltr'><strong>ant</strong></span> <span class='ocrx_word' id='word_1_136' title='bbox 409 2902 629 2964; x_wconf 82' lang='lat' dir='ltr'><strong>Zenodoteum</strong></span> <span class='ocrx_word' id='word_1_137' title='bbox 650 2903 899 2987; x_wconf 80' lang='lat' dir='ltr'><strong>grammaticum.</strong></span> <span class='ocrx_word' id='word_1_138' title='bbox 944 2904 1048 2979; x_wconf 88' lang='lat' dir='ltr'><strong>Quem</strong></span> <span class='ocrx_word' id='word_1_139' title='bbox 1061 2904 1123 2964; x_wconf 85' lang='lat' dir='ltr'><strong>ho-</strong></span> 
     </span>
     <span class='ocr_line' id='line_1_24' title="bbox 146 3015 1122 3096; baseline 0.004 -20"><span class='ocrx_word' id='word_1_140' title='bbox 146 3037 206 3077; x_wconf 86' lang='lat' dir='ltr'><strong>nus</strong></span> <span class='ocrx_word' id='word_1_141' title='bbox 228 3015 282 3076; x_wconf 89' lang='lat' dir='ltr'><strong>ille</strong></span> <span class='ocrx_word' id='word_1_142' title='bbox 303 3015 400 3077; x_wconf 89' lang='lat' dir='ltr'><strong>homo</strong></span> <span class='ocrx_word' id='word_1_143' title='bbox 423 3018 524 3079; x_wconf 84' lang='lat' dir='ltr'><strong>vitare</strong></span> <span class='ocrx_word' id='word_1_144' title='bbox 540 3019 669 3080; x_wconf 83' lang='lat' dir='ltr'><strong>volebat</strong></span> <span class='ocrx_word' id='word_1_145' title='bbox 684 3041 839 3096; x_wconf 88' lang='lat' dir='ltr'><strong>errorem,</strong></span> <span class='ocrx_word' id='word_1_146' title='bbox 856 3019 888 3078; x_wconf 89' lang='lat' dir='ltr'><strong>in</strong></span> <span class='ocrx_word' id='word_1_147' title='bbox 904 3039 977 3078; x_wconf 91' lang='lat' dir='ltr'><strong>eum</strong></span> <span class='ocrx_word' id='word_1_148' title='bbox 992 3040 1028 3080; x_wconf 89' lang='lat' dir='ltr'><strong>re</strong></span> <span class='ocrx_word' id='word_1_149' title='bbox 1045 3041 1122 3081; x_wconf 89' lang='lat' dir='ltr'><strong>vera</strong></span> 
     </span>
     <span class='ocr_line' id='line_1_25' title="bbox 144 3129 1122 3218; baseline 0 -23"><span class='ocrx_word' id='word_1_150' title='bbox 144 3132 301 3195; x_wconf 90' lang='lat' dir='ltr'><strong>Meursius</strong></span> <span class='ocrx_word' id='word_1_151' title='bbox 333 3129 374 3190; x_wconf 76' lang='lat' dir='ltr'><strong>acl</strong></span> <span class='ocrx_word' id='word_1_152' title='bbox 404 3130 603 3193; x_wconf 86' lang='lat' dir='ltr'><strong>Chalcidium</strong></span> <span class='ocrx_word' id='word_1_153' title='bbox 631 3133 755 3212; x_wconf 87' lang='lat' dir='ltr'><strong>incidit,</strong></span> <span class='ocrx_word' id='word_1_154' title='bbox 775 3133 907 3216; x_wconf 83' lang='lat' dir='ltr'><strong>‘quippe</strong></span> <span class='ocrx_word' id='word_1_155' title='bbox 936 3136 990 3218; x_wconf 86' lang='lat' dir='ltr'><strong>qui</strong></span> <span class='ocrx_word' id='word_1_156' title='bbox 1019 3134 1122 3196; x_wconf 89' lang='lat' dir='ltr'><strong>Scho-</strong></span> 
     </span>
     <span class='ocr_line' id='line_1_26' title="bbox 144 3244 1118 3331; baseline 0 -24"><span class='ocrx_word' id='word_1_157' title='bbox 144 3247 255 3310; x_wconf 89' lang='lat' dir='ltr'><strong>liastae</strong></span> <span class='ocrx_word' id='word_1_158' title='bbox 276 3245 383 3308; x_wconf 87' lang='lat' dir='ltr'><strong>locum</strong></span> <span class='ocrx_word' id='word_1_159' title='bbox 403 3244 444 3307; x_wconf 83' lang='lat' dir='ltr'><strong>ad</strong></span> <span class='ocrx_word' id='word_1_160' title='bbox 465 3246 567 3329; x_wconf 85' lang='lat' dir='ltr'><strong>Apoll.</strong></span> <span class='ocrx_word' id='word_1_161' title='bbox 591 3247 650 3307; x_wconf 84' lang='lat' dir='ltr'><strong>Rh.</strong></span> <span class='ocrx_word' id='word_1_162' title='bbox 674 3249 727 3309; x_wconf 87' lang='lat' dir='ltr'><strong>lV.</strong></span> <span class='ocrx_word' id='word_1_163' title='bbox 750 3254 820 3326; x_wconf 85' lang='lat'>814,</span> <span class='ocrx_word' id='word_1_164' title='bbox 843 3250 899 3310; x_wconf 92' lang='lat' dir='ltr'><strong>ubi</strong></span> <span class='ocrx_word' id='word_1_165' title='bbox 920 3250 1118 3331; x_wconf 80' lang='lat' dir='ltr'><strong>Anaxagoras</strong></span> 
     </span>
    </p>
   </div>
   <div class='ocr_carea' id='block_1_5' title="bbox 144 3349 1119 3447">
    <p class='ocr_par' dir='ltr' id='par_1_8' title="bbox 144 3349 1119 3447">
     <span class='ocr_line' id='line_1_27' title="bbox 144 3349 1119 3447; baseline -0.001 -25"><span class='ocrx_word' id='word_1_166' title='bbox 144 3361 349 3447; x_wconf 88' lang='lat' dir='ltr'><strong>philosophus</strong></span> <span class='ocrx_word' id='word_1_167' title='bbox 372 3349 653 3438; x_wconf 78' lang='lat' dir='ltr'><strong>commemoratur,</strong></span> <span class='ocrx_word' id='word_1_168' title='bbox 684 3361 725 3425; x_wconf 88' lang='lat' dir='ltr'><strong>ad</strong></span> <span class='ocrx_word' id='word_1_169' title='bbox 756 3363 994 3444; x_wconf 77' lang='lat' dir='ltr'><strong>grammaticum</strong></span> <span class='ocrx_word' id='word_1_170' title='bbox 1014 3365 1119 3422; x_wconf 91' lang='lat' dir='ltr'><strong>Zeno-</strong></span> 
     </span>
    </p>
   </div>
   <div class='ocr_carea' id='block_1_6' title="bbox 141 3477 1117 3910">
    <p class='ocr_par' dir='ltr' id='par_1_9' title="bbox 141 3477 1117 3910">
     <span class='ocr_line' id='line_1_28' title="bbox 145 3477 1117 3562; baseline -0.001 -24"><span class='ocrx_word' id='word_1_171' title='bbox 145 3477 276 3540; x_wconf 86' lang='lat' dir='ltr'><strong>doteum</strong></span> <span class='ocrx_word' id='word_1_172' title='bbox 308 3489 452 3562; x_wconf 83' lang='lat' dir='ltr'><strong>spectare</strong></span> <span class='ocrx_word' id='word_1_173' title='bbox 484 3477 656 3558; x_wconf 85' lang='lat' dir='ltr'><strong>putaverit.</strong></span> <span class='ocrx_word' id='word_1_174' title='bbox 715 3477 834 3538; x_wconf 85' lang='lat' dir='ltr'><strong>Contra</strong></span> <span class='ocrx_word' id='word_1_175' title='bbox 870 3477 1117 3557; x_wconf 80' lang='lat' dir='ltr'><strong>Valckenarium</strong></span> 
     </span>
     <span class='ocr_line' id='line_1_29' title="bbox 143 3590 1117 3667; baseline 0 -13"><span class='ocrx_word' id='word_1_176' title='bbox 143 3592 272 3654; x_wconf 87' lang='lat' dir='ltr'><strong>videtur</strong></span> <span class='ocrx_word' id='word_1_177' title='bbox 293 3590 406 3667; x_wconf 57' lang='lat' dir='ltr'><strong>‘etiam</strong></span> <span class='ocrx_word' id='word_1_178' title='bbox 437 3600 598 3657; x_wconf 76' lang='lat' dir='ltr'><strong>structura</strong></span> <span class='ocrx_word' id='word_1_179' title='bbox 635 3614 718 3654; x_wconf 84' lang='lat' dir='ltr'><strong>esse:</strong></span> <span class='ocrx_word' id='word_1_180' title='bbox 752 3593 867 3654; x_wconf 87' lang='lat' dir='ltr'><strong>omisso</strong></span> <span class='ocrx_word' id='word_1_181' title='bbox 900 3595 988 3654; x_wconf 88' lang='lat' dir='ltr'><strong>enim</strong></span> <span class='ocrx_word' id='word_1_182' title='bbox 1018 3591 1117 3654; x_wconf 78' lang='lat' dir='ltr'><strong>vcrlso</strong></span> 
     </span>
     <span class='ocr_line' id='line_1_30' title="bbox 143 3704 1116 3793; baseline -0.001 -20"><span class='ocrx_word' id='word_1_183' title='bbox 143 3704 225 3773; x_wconf 70' lang='grc' dir='ltr'><strong><em>ἔοικε</em></strong></span> <span class='ocrx_word' id='word_1_184' title='bbox 249 3708 370 3769; x_wconf 88' lang='lat' dir='ltr'><strong>nullum</strong></span> <span class='ocrx_word' id='word_1_185' title='bbox 393 3709 483 3772; x_wconf 86' lang='lat' dir='ltr'><strong>aliud</strong></span> <span class='ocrx_word' id='word_1_186' title='bbox 504 3710 565 3771; x_wconf 88' lang='lat' dir='ltr'><strong>nisi</strong></span> <span class='ocrx_word' id='word_1_187' title='bbox 585 3707 673 3772; x_wconf 68' lang='grc' dir='ltr'><strong><em>ἐστίν</em></strong></span> <span class='ocrx_word' id='word_1_188' title='bbox 695 3707 963 3793; x_wconf 75' lang='lat' dir='ltr'><strong>intelligipotestz</strong></span> <span class='ocrx_word' id='word_1_189' title='bbox 985 3706 1040 3768; x_wconf 89' lang='lat' dir='ltr'><strong>sed</strong></span> <span class='ocrx_word' id='word_1_190' title='bbox 1055 3708 1116 3793; x_wconf 87' lang='lat' dir='ltr'><strong>ipsi</strong></span> 
     </span>
     <span class='ocr_line' id='line_1_31' title="bbox 141 3822 1116 3910; baseline 0 -25"><span class='ocrx_word' id='word_1_191' title='bbox 141 3822 316 3888; x_wconf 84' lang='lat' dir='ltr'><strong>Alexandro</strong></span> <span class='ocrx_word' id='word_1_192' title='bbox 338 3825 509 3909; x_wconf 83' lang='lat' dir='ltr'><strong>Euripides</strong></span> <span class='ocrx_word' id='word_1_193' title='bbox 524 3828 594 3899; x_wconf 58' lang='lat' dir='ltr'><strong>,non</strong></span> <span class='ocrx_word' id='word_1_194' title='bbox 623 3827 731 3910; x_wconf 85' lang='lat' dir='ltr'><strong>potuit</strong></span> <span class='ocrx_word' id='word_1_195' title='bbox 751 3846 816 3889; x_wconf 83' lang='lat' dir='ltr'><strong>esse</strong></span> <span class='ocrx_word' id='word_1_196' title='bbox 843 3823 1002 3909; x_wconf 73' lang='grc' dir='ltr'><strong><em>στρυφνὸς</em></strong></span> <span class='ocrx_word' id='word_1_197' title='bbox 1019 3846 1116 3910; x_wconf 84' lang='grc' dir='ltr'><strong><em>προς.</em></strong></span> 
     </span>
    </p>
   </div>
   <div class='ocr_carea' id='block_1_7' title="bbox 894 3953 915 4019">
    <p class='ocr_par' dir='ltr' id='par_1_10' title="bbox 894 3953 915 4019">
     <span class='ocr_line' id='line_1_32' title="bbox 894 3953 915 4019; baseline 0 0"><span class='ocrx_word' id='word_1_198' title='bbox 894 3953 915 4019; x_wconf 89' lang='grc'>7</span> 
     </span>
    </p>
   </div>
   <div class='ocr_carea' id='block_1_8' title="bbox 0 0 1338 4484">
    <p class='ocr_par' dir='ltr' id='par_1_11' title="bbox 0 0 1338 4484">
     <span class='ocr_line' id='line_1_33' title="bbox 0 0 1338 4484; baseline 0 3"><span class='ocrx_word' id='word_1_199' title='bbox 0 0 1338 4484; x_wconf 95' lang='lat' dir='ltr'><strong> </strong></span> 
     </span>
    </p>
   </div>
  </div>
 </body>
</html>
