2666 4484
159 296 167 307 ”
238 301 262 366 ‘2

239 480 381 564 loquitur
419 480 459 541 de
497 481 622 542 recenti
659 478 830 555 Pleurone,
876 500 971 563 quam
1007 478 1131 543 incolae
1168 480 1211 542 ad
1270 502 1273 509 ¹

237 594 455 680 Aracynthum
475 604 617 656 montem
638 592 844 659 condiderint
864 595 992 678 antiqua
1015 594 1067 656 illa
1087 594 1119 655 in
1142 595 1213 657 solo

237 710 336 773 l'ertili
367 733 404 772 ac
431 688 527 795 plano
556 709 669 771 relicta
698 710 741 770 ob
749 746 760 767 ι.
772 719 893 770 terram
922 733 940 769 a
961 710 1125 771 Demetrio
1154 710 1215 771 de-

236 835 401 901 vastatam,
423 825 476 887 cui
498 845 676 908 cognomen
698 823 834 886 Aetolici
860 823 908 884 sit.
952 827 1017 902 Qui
1040 825 1138 886 fucrit
1158 825 1215 887 ille

235 942 419 1003 Demetrius
442 939 612 1018 Aetolicus,
634 924 824 1022 interpretes
839 939 1002 1001 Strabonis
1025 938 1115 1002 dubii
1129 948 1217 1017 sunt,

238 1079 343 1141 neque
372 1041 500 1117 aliunde
530 1054 704 1139 quidquam
725 1055 786 1116 hac
815 1054 855 1116 dc
876 1074 912 1116 re
934 1066 1133 1139 compertum
1154 1056 1219 1118 ha-

237 1178 365 1238 bemusa
403 1172 442 1233 de
476 1170 659 1233 Poliorceta
687 1173 830 1253 cogitare
860 1171 1004 1253 profecto
1033 1194 1098 1232 non
1124 1173 1218 1249 licet,

240 1311 431 1373 quamquam
453 1286 484 1349 in
514 1283 586 1347 cod.
608 1270 817 1367 Meda-pro
830 1282 1011 1348 Αἰτωλικοῦ
1033 1296 1219 1369 correctum
1267 1342 1277 1349 .

218 1384 223 1391 ⁴
240 1404 357 1487 legitur
370 1418 372 1421 “
386 1400 608 1483 Πολιορκητοῦ
615 1426 625 1479 3
656 1400 718 1461 fuit
746 1399 833 1462 haud
858 1400 953 1461 dubie
974 1400 1153 1463 Demetrius
1174 1402 1218 1461 ll.

239 1552 278 1567 -
299 1516 449 1600 Antigoni
479 1517 625 1576 Gonatae
660 1513 753 1593 filius,
790 1524 884 1596 pater
919 1513 1071 1598 Philippi,
1105 1514 1216 1576 Persei

238 1653 318 1693 avus
338 1664 378 1679 -
404 1650 502 1714 quern
534 1627 741 1690 Macedoniae
764 1650 874 1712 regem
889 1630 924 1707 3)
956 1639 1068 1689 contra
1088 1629 1218 1691 Aetolos

163 1770 170 1781 ·
239 1747 361 1808 bellum
383 1747 512 1829 gessisse
542 1742 804 1826 locupletissimus
833 1743 924 1804 nobis
952 1745 1041 1803 testis
1067 1742 1219 1825 Polybius

123 1945 124 1949 Ἰ
240 1871 289 1923 est
321 1860 381 1937 lib.
399 1861 441 1922 Il.
466 1880 517 1938 44.
547 1876 576 1933 1,
606 1858 678 1916 XX.
710 1859 748 1936 5..
769 1860 800 1918 3.
841 1857 1052 1918 Alexandrum
1074 1867 1218 1917 nostrum

239 1976 365 2058 antiqui
388 1972 499 2056 oppidi
519 1969 623 2031 civem
635 1966 729 2032 fuisse
743 1991 779 2031 ex
793 1972 984 2051 temporum
999 1971 1125 2032 ratione
1146 1995 1216 2034 mox

242 2086 420 2174 apparebit.
462 2085 648 2168 Saepissime
669 2107 688 2145 a
704 2084 909 2167 scriptoribus
926 2085 1109 2147 nominatur
1121 2088 1219 2147 Acto-

183 2198 185 2201 ’
242 2204 300 2280 lus,
336 2222 577 2285 nonnumquam
610 2221 687 2275 vero
725 2199 922 2260 Pleuronius.
988 2202 1143 2263 Meursius
1181 2203 1216 2263 in

240 2318 321 2379 Bibl.
344 2317 402 2379 Gr.
434 2315 486 2394 (in
516 2313 671 2375 Gronovii
698 2313 778 2375 thes.
806 2314 927 2398 antiqu.
955 2337 1001 2395 gr.
1027 2315 1099 2378 Vol.
1120 2316 1161 2376 X.
1184 2339 1218 2398 p.

244 2434 333 2497 1206·
365 2429 478 2510 1209.)
513 2428 726 2490 Alexandrum
758 2428 907 2491 Aetolum
940 2441 972 2492 et
1005 2429 1218 2493 Alexandrum

242 2545 452 2608 Pleuronium
473 2556 626 2628 tanquam
655 2544 735 2623 duos
756 2545 941 2612 nominavit.
995 2544 1141 2609 Aetolum
1161 2568 1220 2607 ne-

243 2658 363 2731 minem
392 2654 490 2719 alium
518 2640 668 2753 inomni
698 2678 884 2740 graecarum
906 2659 1084 2721 litterarum
1113 2669 1221 2723 aetate

245 2770 435 2854 scriptorem
464 2773 681 2855 cognorimus,
720 2771 765 2832 ita
793 2782 829 2834 ut
866 2794 946 2856 quae
973 2773 1012 2834 de
1039 2774 1219 2838 Alexandro
1283 2784 1288 2795 '

245 2882 406 2949 laudanda
422 2895 496 2949 sunt
518 2907 558 2947 eo
570 2886 685 2947 maiori
704 2885 799 2949 laude
824 2887 919 2972 digna
938 2884 1118 2953 videantur.

329 3000 483 3061 Parentes
512 2999 625 3062 hahuit
653 3000 801 3086 Satyrum
828 3013 861 3064 et
887 3002 1106 3082 Stratoclcam‚
1135 3007 1222 3087 quod
1328 3058 1329 3073 ,

248 3115 359 3179 matris
387 3135 504 3206 nomen
535 3115 687 3200 suspicari
719 3084 851 3180 fortasse
875 3139 932 3179 nos
954 3118 1044 3181 iubet
1064 3141 1134 3181 eam
1155 3143 1220 3182 non

247 3229 422 3292 humilibus
441 3231 626 3317 parentibus
653 3243 759 3295 natam
787 3208 904 3296 fuisse:¹
929 3244 1024 3298 testes
1053 3234 1145 3297 huius
1173 3236 1223 3298 rei

250 3344 381 3411 saidam
410 3343 562 3410 habemus
590 3369 658 3411 voc.
684 3341 890 3435 Ἀέξανδρος
924 3359 957 3414 et
983 3349 1162 3412 Eudociam
1187 3351 1222 3413 iu

254 3558 499 3579 Μ

273 3710 303 3780 ³)
317 3712 466 3785 Imperium
490 3715 578 3770 tenuit
601 3714 665 3770 inde
689 3712 724 3768 ab
759 3716 805 3771 Ol.
835 3714 896 3777 134.
932 3718 957 3772 l.
993 3730 1079 3789 atquc
1109 3714 1146 3771 ad
1172 3687 1245 3771 Ol.v
1328 3792 1329 3799 ἵ

322 3814 421 3869 moe.
