2666 4484
493 339 655 395 murana
687 343 725 391 c.
1044 320 1088 399 ‘21

9 530 11 585 :
122 516 354 582 nandrinorum
372 520 543 597 poetarum
563 523 647 571 artes
669 509 793 572 vocavit
816 508 895 571 mole
913 515 1093 594 ingeniosas,

123 652 245 716 eosque
264 628 386 713 putavit
406 626 460 687 hic
487 624 552 686 illic
578 633 702 686 tantum
733 625 890 708 quaedam
923 629 1092 709 protulisse

9 750 10 755 ’
124 747 273 829 „optimo
311 765 347 805 ex
388 740 607 804 florentissima
646 749 749 802 aetate
790 742 912 825 tragico
947 761 1012 802 non
1045 742 1095 803 in-

126 861 247 943 digna“
259 858 324 936 ¹⁸):
343 856 398 940 qni
421 856 506 918 enim
527 855 580 915 hic
600 854 665 916 illic
689 854 840 916 nonnulla
861 855 981 941 optimo
1002 864 1096 939 poeta

127 996 194 1055 non
215 973 342 1056 indigna
362 970 542 1056 protulerit,
569 991 643 1032 eum
669 992 734 1031 non
763 991 799 1033 ex
829 971 970 1055 pessimis
1000 971 1095 1032 fuisse

127 1088 231 1172 poetis
253 1095 390 1173 oportet·
409 1120 454 1135 -
482 1085 654 1169 Imaginem
679 1085 807 1149 iliorum
833 1093 1003 1169 poetarum
1029 1090 1096 1144 tra*-

128 1202 260 1291 goediae
283 1201 436 1285 suspicari
457 1221 513 1260 nos
534 1199 611 1263 licet
630 1201 752 1261 Annaei
772 1200 913 1261 Senecae
928 1196 1097 1291 tragoediis

129 1304 305 1400 expressam
318 1315 439 1376 hahere
458 1313 575 1398 partim
597 1335 633 1377 ex
654 1335 692 1378 eo
713 1313 768 1398 qui
785 1315 904 1376 Romae
925 1322 1002 1374 tunc
1015 1320 1097 1373 tem-
1167 1360 1173 1374 .

128 1431 217 1516 poris
237 1449 304 1489 mos
326 1428 501 1508 obtinebat,
526 1451 592 1491 non
619 1417 764 1513 antiquos
795 1428 864 1492 illos
899 1428 1098 1488 Graecorum

130 1544 302 1629 scriptores
322 1541 476 1621 imitandi,
503 1543 558 1606 aed
586 1542 680 1626 longe
699 1544 891 1628 posteriores
917 1542 1096 1626 etquidem

128 1656 366 1735 Alexandrinos,
387 1657 504 1740 partim
524 1644 691 1740 exmagna
721 1659 806 1720 inter
837 1657 906 1717 illos
927 1657 1097 1739 tragediae

129 1792 283 1834 romanae
312 1771 472 1855 principes
508 1780 540 1833 et
578 1772 734 1834 Senemm
770 1768 1024 1834 dissimilitudine
1056 1800 1097 1819 -ι-

131 1907 229 1969 quam
250 1876 562 1968 quidem'Niebuhrii
582 1884 653 1948 Viri
679 1884 881 1948 Illustrissimi
909 1884 970 1946 hac
1001 1884 1097 1949 dere

131 1999 319 2063 sententiam
337 2021 413 2079 osse,
436 2008 504 2062 tum
523 2000 653 2084 publice
678 1996 766 2062 hunc
795 1999 909 2064 Virum
939 1999 1097 2061 dicentem

131 2113 248 2191 audivi,
282 2123 350 2177 tum
384 2116 535 2200 privatim
561 2137 598 2180 ea
628 2138 690 2201 qua
717 2116 799 2180 solet
830 2113 1025 2180 humanitate
1045 2136 1096 2179 me

131 2219 363 2312 ipsum'docuit
381 2230 638 2313 interrogantem.

297 2546 701 2647 dararausumr
724 2567 931 2644 vuasns.
1046 2510 1048 2513 ⁵

210 2765 238 2831 A
259 2764 361 2847 Gellio
382 2762 474 2828 huius
495 2760 618 2849 generis
631 2787 740 2837 ‚versus
757 2763 862 2827 Aetoli
884 2761 924 2828 de
943 2760 1097 2847 Euripide

130 2883 331 2962 Anaxagorae
353 2879 506 2965 discipulo
529 2881 645 2945 servati
665 2890 749 2960 sunt,
777 2891 814 2942 ut
833 2880 927 2964 vulgo
949 2880 1098 2963 legeban-

129 3005 195 3072 tur,
218 2993 367 3079 quinque,
394 3018 412 3057 a
432 2997 641 3061 Valckenario
673 2999 717 3059 ita
748 2994 923 3081 comparati
945 3006 981 3057 ut
1000 2995 1096 3059 modo

130 3087 194 3171 tres
218 3105 292 3167 inde
306 3108 487 3174 exstiterint.
525 3112 678 3175 Narratur
693 3113 742 3175 his
756 3113 896 3175 versibus
908 3111 1097 3196 Euripidem

131 3223 241 3308 ipsum'
256 3220 426 3287 admodum
444 3243 588 3286 severum
608 3247 645 3287 ac
657 3227 746 3288 vultu
757 3250 871 3310 parum
883 3226 978 3291 hilari
991 3227 1097 3301 fuisse,

129 3340 249 3420 scripta
270 3346 376 3400 autem
399 3337 463 3400 cius
481 3337 565 3401 haud
584 3338 686 3403 minus
709 3340 814 3403 dulcia
834 3341 927 3404 melle
950 3351 982 3402 et
1002 3346 1098 3401 cantu

132 3452 287 3517 Sirenum.
339 3451 500 3535 Suspicari
530 3453 606 3517 licet
636 3454 709 3516 istos
740 3475 846 3517 versus
872 3455 905 3518 in
934 3451 1099 3517 comoedia

131 3565 321 3651 nescioquo
352 3571 481 3633 nomine
510 3569 661 3652 inscripta
687 3569 792 3648 fuisse,
824 3590 888 3632 non
916 3588 993 3630 vero
1015 3563 1098 3629 cios·

168 3863 217 3938 ⁵⁸⁸)
233 3864 331 3923 Naekit
350 3852 474 3927 schedae
491 3870 607 3925 caninae
623 3890 652 3943 p·
668 3873 712 3928 29·
