2666 4484
230 297 278 369 34
603 304 764 356 armant
792 306 832 353 n.

232 482 404 547 Rhinthon.
435 480 520 545 conf,
549 478 670 540 Osann.
700 475 791 540 Anah
819 476 899 539 crit
926 498 962 561 p.
983 478 1035 560 96.
1064 497 1133 562 sqq.
1164 482 1210 542 0.

230 599 356 661 hiiiller.
378 597 483 659 Gessit.
502 594 621 657 Hellen.
643 593 744 655 Sirim.
766 612 795 653 u.
818 590 929 653 &adse
949 593 1003 653 lll.
1023 617 1056 678 p.
1075 597 1146 675 364.
1161 619 1212 681 sq.

231 715 382 777 Ceterum
401 711 467 791 „ab
483 706 636 795 iioopds'p
649 710 696 771 sio
710 705 966 790 distinguendam
980 707 1085 770 videri
1101 706 1210 799 iinon.

229 825 405 915 τραγῳδῶν
435 827 546 890 docuit
578 828 740 902 osannae,
769 835 806 885 ut
827 824 903 887 licet
922 825 1090 911 utriusque
1113 850 1210 913 argu-

232 954 376 1009 mentum
397 965 487 1008 mere
509 941 669 1006 ludicrum
688 942 797 1020 thenit,
820 950 915 1024 atque
937 940 1098 1005 hilaritate
1120 944 1211 1007 ioco-

231 1082 303 1122 rum
332 1070 365 1123 et
394 1059 517 1123 lascivis
549 1057 639 1121 dictis
677 1055 777 1119 risum
806 1056 928 1139 populo
957 1058 1137 1135 excusserit,
1174 1062 1210 1122 iu

232 1172 482 1257 iiaporpuyoeds'p
513 1182 620 1235 tamen
657 1170 757 1233 virtus
788 1171 911 1233 comica
945 1173 982 1234 ab
1013 1175 1210 1255 argumentis

234 1289 360 1371 tragicis
380 1295 557 1370 peteretur,
580 1307 660 1370 qnae
683 1307 719 1348 ex
746 1286 905 1348 cothurno
933 1287 968 1348 in
996 1307 1124 1348 soccum
1150 1286 1210 1349 de-

235 1413 322 1467 torta
343 1424 416 1464 cum
437 1400 572 1487 parodia
592 1399 817 1465 irriderentur.
859 1402 1038 1487 Utramque
1058 1424 1148 1481 vero,
1176 1414 1209 1467 et

234 1513 405 1605 ἱλαρῳδίαν
425 1526 457 1579 et
478 1511 755 1602 iteporpeypde'us,
784 1515 818 1576 in
838 1537 966 1579 scenam
987 1517 1158 1580 deductam
1175 1528 1210 1583 ,et

235 1657 310 1696 cum
330 1634 497 1698 saltatione
518 1632 539 1693 i.
561 1654 589 1695 e.
615 1604 859 1715 'gesticulatione
881 1642 914 1695 et
934 1632 1060 1695 actione
1081 1633 1210 1696 mimica

238 1748 437 1811 decantatam
460 1750 568 1826 fuisse,
592 1748 660 1811 veri
680 1747 782 1811 simile
808 1748 876 1809 fir‘.
920 1747 1065 1810 Hilarodi
1087 1771 1151 1811 nou
1172 1769 1208 1810 er

232 1865 314 1927 veris
335 1864 506 1946 tragoediis
534 1884 587 1924 eas
621 1862 782 1927 irridendi
803 1883 907 1939 causa,
929 1863 985 1926 sed
998 1862 1149 1942 aliunde,
1173 1884 1206 1925 ex

232 1980 297 2039 vita
331 1979 476 2043 solebant
518 1988 703 2060 argumenta
734 1987 901 2060 repetere,
938 1986 971 2038 et
1005 1990 1043 2039 ea
1079 1978 1208 2061 quidem
1328 2056 1329 2059 Ἴ

235 2092 400 2169 amatoria,
429 2091 603 2154 convivalia
632 2103 666 2153 et
699 2112 780 2176 quae
813 2093 929 2153 horum
963 2090 1079 2154 similia
1113 2101 1206 2153 sunt:
1328 2104 1329 2119 ¹

233 2207 345 2269 Festus
364 2229 436 2270 voc.
467 2207 639 2269 Hilarodoa
669 2207 702 2268 id
730 2209 907 2269 carminum
936 2218 1032 2291 genus
1060 2209 1209 2269 lascivum

167 2354 179 2385 s
237 2338 266 2384 et
287 2323 452 2387 delicatam
473 2322 621 2406 appellat,
644 2343 726 2406 quae
748 2320 892 2383 definitio
905 2322 938 2383 in
952 2323 1070 2385 bonam
1085 2333 1210 2406 partem
1327 2378 1328 2383 ,

236 2414 421 2522 accipienda
449 2438 595 2500 laudatae
625 2438 672 2499 illi
704 2433 871 2518 σεμνότητι
889 2438 1021 2501 minime
1043 2449 1208 2522 repugnat.
1279 2457 1282 2463 ’

234 2555 286 2616 De
305 2554 453 2616 hilarodo
476 2565 509 2615 et
527 2553 685 2616 hilarodia
707 2554 793 2615 conf.
818 2552 964 2636 inprimis
992 2553 1107 2616 Athen.
1123 2552 1208 2616 XIV.

235 2691 267 2750 p·
290 2671 380 2739 &atq
413 2668 554 2730 Salmasii
583 2669 721 2732 Etercit
749 2668 833 2733 Ptin.
859 2692 892 2752 p.
912 2672 978 2752 76.;
1013 2668 1103 2731 Voss.
1132 2669 1207 2729 Inst.

192 2788 193 2791 ’
235 2782 326 2842 Poet
347 2781 368 2842 l.
391 2783 427 2842 ll.
453 2801 569 2854 o.21.;
602 2779 754 2870 ἱλαρῳδία
782 2793 815 2846 et
843 2779 1089 2869 ttaaoraayotrh
1113 2803 1210 2865 saepe

131 2974 133 2983 .
237 2896 445 2978 scriptoribus
461 2898 556 2959 etiam
573 2897 662 2961 nullo
674 2897 1208 2962 discriminefactoconfunduntur.

318 3011 450 3074 Sotades
465 3013 635 3091 Maronita,
658 3016 838 3077 ionicarum
856 3012 1086 3076 cantilenarum
1103 3023 1209 3097 poeta,

236 3110 439 3208 Philadelphi
461 3129 613 3212 aequalis,
647 3121 720 3213 ἦρξε
747 3130 874 3212 πρῶτος
891 3130 950 3194 τοῦ
981 3132 1211 3212 κιναιδολογεῖν,
1324 3182 1325 3189 ,

238 3239 437 3305 ionioausus
459 3242 610 3316 dialecto;
642 3245 783 3308 diversus
817 3254 864 3308 est
887 3268 907 3307 a
927 3245 1058 3308 Comico
1080 3243 1210 3321 sande,

237 3356 328 3417 cuius
351 3356 390 3418 ah
412 3356 573 3423 Athenaeo
597 3359 679 3423 duae
699 3359 826 3425 fabulae
850 3359 1031 3439 laudantur,
1057 3352 1211 3442 ’hysteri-

235 3492 328 3548 μεναι
346 3481 379 3533 et
400 3471 716 3556 Παραλυτρούμενος.
759 3475 874 3541 Suidas
891 3478 1052 3541 comicum
1070 3475 1158 3538 hanc
1179 3483 1213 3538 et

238 3595 381 3653 nostrum
407 3589 564 3668 contradit,
595 3613 693 3674 quum
727 3593 800 3654 istas
831 3592 908 3655 duas
946 3592 1079 3655 fabulas-
1104 3600 1211 3655 nosue
1322 3656 1323 3669 χ

238 3699 416 3781 Maronitae
436 3704 602 3766 tribuerit:
625 3705 681 3767 sed
702 3706 857 3770 Athenaei
878 3706 1096 3769 testimonium
1115 3708 1211 3789 magis
1322 3678 1323 3731 Ξ

240 3830 336 3893 quam
357 3815 473 3882 Suidae
495 3817 628 3903 dignum
652 3830 699 3883 est
721 3821 774 3883 cui
790 3823 886 3887 fidem
900 3821 1087 3889 habeamus.
1105 3823 1224 3906 usqua
1320 3884 1322 3909 4
