2666 4484
230 307 278 385 43
542 310 817 365 rnicusnruu
844 316 879 369 r,

173 468 189 489 Ι
233 495 312 557 iecit
332 488 364 552 in
392 483 580 552 Menandro*
602 487 652 567 (in
674 484 825 549 Meinekii
845 479 996 548 Menand.
1020 497 1053 549 et
1071 486 1214 553 Philem.

234 633 268 695 p.
289 611 387 687 ὅθι).
439 603 541 667 Simili
569 584 667 664 modd
693 602 853 661 Porsonns
882 601 1065 665 emendavit
1089 600 1216 688 s‘symhg
1326 622 1330 635 ·

234 723 267 785 iu
291 724 369 785 Eur.
391 722 450 783 Or.
471 737 543 800 229,
568 718 625 781 ubi
645 717 811 800 legebatur
833 711 950 798 spots.
997 720 1034 779 In
1058 721 1159 785 Thuc.
1182 725 1212 783 1.

231 841 281 922 96.
298 848 374 903 extr.
388 838 457 898 fere
475 834 614 897 omnium
628 831 721 893 codd
739 853 893 895 consensu
913 831 1033 916 legitur
1052 845 1205 915 ταμιεῖονε

231 956 391 1039 glossator
412 924 600 1015 aDuokero
623 947 769 1009 adhunc
789 947 897 1010 locum
917 947 1062 1010 laudatus
1079 959 1212 1031 ταμεῖον

236 1070 343 1133 statuit
365 1080 431 1130 estc
460 1069 495 1130 τὸ
518 1066 673 1137 ἰδιωτικόν
691 1095 732 1112 -·
753 1065 861 1124 cellam
876 1068 1128 1148 pennari'am-‚
1150 1092 1212 1132 τα.

207 1198 210 1213 ·
233 1158 335 1266 μιεῖονΙ
352 1184 387 1245 ri
411 1178 562 1264 δημόσιον
576 1179 739 1264 -fiscum,
760 1182 920 1239 aerarium
934 1212 994 1258 -‚
1018 1203 1098 1264 quae
1115 1182 1213 1245 ‹liffe-
1261 1213 1264 1217 ²

234 1303 339 1362 rentiu
360 1318 463 1380 neque
484 1315 597 1379 perse
620 1293 792 1377 quidquam
803 1293 912 1371 hahet,
930 1317 992 1379 qno
1014 1297 1209 1360 verisimilis

236 1413 331 1476 modo
353 1413 419 1488 liat,
448 1420 481 1472 et
510 1410 584 1494 ipsis
611 1408 735 1470 tollitur
766 1407 844 1469 locis
868 1432 886 1470 a
909 1410 1058 1474 Duclrero
1077 1421 1111 1474 et
1137 1413 1210 1474 aliis

237 1528 280 1589 ad
300 1504 520 1611 Thucydidem
536 1522 680 1586 laudatis.
721 1523 792 1584 Non
806 1544 881 1585 raro
902 1533 1041 1603 ταμιεῖον
1059 1548 1119 1611 pro
1133 1529 1212 1589 cella

233 1646 378 1729 privas,
391 1663 450 1705 uec
464 1642 569 1703 minus
583 1644 710 1719 capnios
722 1660 784 1721 pro
802 1642 930 1700 aerario
945 1639 1070 1723 legitur.
1091 1642 1211 1703 Suidae

238 1758 460 1842 interpretatio
482 1756 522 1818 ah
544 1754 599 1817 illa
619 1753 801 1837 glossatoris
818 1753 959 1817 Duckeri
975 1755 1068 1839 longe
1084 1755 1211 1818 diversa

126 1910 131 1915 ·
239 1886 299 1937 est:
322 1878 458 1951 ταμεῖον,
478 1865 702 1951 θησαυρός-
724 1873 882 1931 aerarium
895 1902 953 1947 -—,
981 1868 1036 1932 nol
1052 1880 1209 1952 ταμιεῖονς

234 1999 269 2053 et
287 1993 437 2068 ταμιεῖον,
458 1981 571 2049 noereio
589 2017 630 2031 -
652 1983 887 2047 cubicum-m
926 1985 1115 2048 certissimis
1137 1987 1212 2071 qui-

236 2102 312 2167 dem
328 2081 412 2188 hoec
433 2118 484 2165 res
517 2099 709 2184 argumentis
738 2100 854 2160 confici
882 2099 1004 2183 nequit,
1033 2110 1210 2184 propterea

233 2217 321 2302 qnod
340 2214 482 2301 plurimis
503 2215 581 2277 locis
602 2224 773 2298 utrumque
784 2198 826 2277 'in
840 2213 934 2278 codd.
949 2214 1124 2279 invenitur:
1138 2218 1209 2277 iota

236 2334 321 2399 euim
345 2342 417 2417 ante
441 2341 607 2418 cognatam
634 2330 866 2415 diphthongum
886 2353 914 2394 ss
932 2330 1083 2394 facillime
1103 2332 1210 2415 potuit

237 2471 255 2511 a
291 2449 449 2512 scribente
483 2449 604 2525 omitti;
631 2446 687 2509 sed
718 2469 737 2506 a
771 2443 886 2527 ταμίας
916 2468 1007 2511 mera
1040 2447 1208 2529 atticisque

235 2564 441 2648 scriptoribus
456 2564 602 2648 inprimis
618 2563 821 2646 frequentata
836 2561 992 2623 derivatio
1009 2562 1209 2642 fitseaputor,

235 2678 369 2757 ramath,
390 2687 423 2755 et
442 2677 527 2758 quod
545 2677 661 2738 Moeris
676 2677 772 2741 Attic.
789 2675 959 2739 discrimen
972 2679 1091 2753 statuit,
1106 2671 1208 2758 ὑγιεία

232 2786 391 2868 Ἀττικῶς,
412 2785 500 2872 ὑγεία
515 2786 714 2871 Ἑλληνικῶς,
728 2791 813 2854 idem
831 2790 914 2853 inter
926 2800 1032 2853 nostra
1050 2791 1222 2873 uocabula¹

237 2916 293 2972 est.
333 2908 383 2966 De
404 2905 510 2991 littera
531 2927 544 2966 ι
565 2905 598 2965 iu
620 2906 777 2968 vocabulo
808 2912 934 2988 ταμεῖον
961 2915 1110 2970 recenter
1139 2906 1208 2966 for-

235 3029 321 3082 mato
343 3020 418 3082 eliso
439 3022 479 3081 cf.
499 3020 638 3082 Loheck.
662 3022 703 3082 ad
727 3021 845 3105 Phryn·
871 3043 903 3104 p.
925 3025 1004 3103 4930*
1037 3019 1208 3082 Notionem

236 3143 406 3217 utrumque
438 3133 536 3197 hahet
569 3145 752 3221 utramque:
789 3145 900 3198 nostro
935 3134 1008 3196 loco
1034 3134 1208 3196 rectissime

235 3249 369 3310 Naelius
387 3250 465 3311 dicit
474 3249 685 3312 Alexandrum
699 3273 763 3312 non
778 3252 816 3314 ab
839 3250 963 3314 aerario
977 3249 1209 3336 metaphoram,

237 3365 292 3428 sed
316 3388 334 3426 a
354 3364 434 3427 cella
455 3366 610 3451 penuaria
626 3367 751 3450 petisse·

691 3570 748 3636 VJ.

317 3719 353 3778 Α.
379 3718 460 3782 Geli·
484 3720 521 3780 Ν.
544 3721 579 3780 Α.
612 3720 683 3780 XV.
713 3739 767 3807 ²9²
796 3718 982 3782 Alexander
1008 3717 1130 3781 Aetolus
1155 3717 1210 3777 bos

236 3828 274 3887 de
295 3828 440 3913 Euripide
463 3854 561 3896 versus
581 3838 762 3917 composuit:
