2666 4484
223 274 270 361 'tt

214 478 309 538 certe
327 469 414 534 haud
431 469 554 535 levibus
576 491 673 556 pare
697 467 821 556 aliquid
838 489 877 533 uc
902 488 1054 557 magnum
1083 471 1198 540 elaboa·

220 598 324 663 retur,
344 588 406 652 toti
427 606 485 650 nos
506 594 637 670 oportet
656 586 695 652 iis
715 583 816 648 dediti
836 584 948 650 simus.

299 705 410 788 Neque
449 701 533 765 illins
571 702 683 764 aetatis
717 702 891 785 scriptores
921 709 989 764 tam
1017 699 1196 766 inventioni

219 841 315 905 quam
334 828 481 881 veterum
510 816 682 880 imitationi
710 814 847 878 studium
872 836 965 878 suum
985 813 1197 902 laboremque

219 943 392 996 natarunt:
413 931 597 996 inveniendi
617 942 742 1015 tempus
765 931 855 1015 quasi
876 929 1059 1009 defluxerat,
1082 932 1197 997 aetatis

214 1048 302 1134 'qnae
335 1059 530 1113 successerat
559 1047 703 1109 homines
732 1047 767 1108 in
801 1067 840 1109 eo
878 1066 1032 1113 summam
1059 1068 1195 1132 operam

220 1163 431 1242 collocabant,
463 1173 500 1226 nt
518 1165 665 1246 priorum
698 1161 827 1224 inventa
857 1160 1057 1245 colligerent,
1084 1161 1195 1225 imita-

219 1290 333 1342 rentur
352 1288 448 1361 atque
468 1276 630 1338 subtiliter
655 1275 858 1361 explicarent.
907 1278 1016 1355 Quare
1040 1296 1107 1337 non
1130 1276 1193 1338 im-

218 1392 334 1456 merito
360 1391 448 1454 velut
476 1391 716 1471 Eratosthenes,
741 1392 797 1476 qni
818 1389 970 1453 secundas
989 1391 1026 1453 in
1046 1390 1193 1454 omnibus

220 1505 394 1589 disciplinis
415 1506 557 1584 tenebat,
584 1526 660 1569 snae
687 1506 799 1578 aetatis
826 1505 905 1567 Beta
932 1508 1115 1568 nominatus
1135 1514 1194 1585 est,

219 1622 266 1687 sic
285 1623 387 1688 omnis
417 1620 472 1686 illa
500 1631 586 1684 aetas
613 1621 648 1687 io
676 1628 749 1685 toto
768 1628 950 1705 temporum
969 1620 1087 1684 ordine
1105 1621 1194 1685 litte·

218 1756 329 1801 rarnm
348 1757 535 1821 graecarum
565 1737 645 1801 Beta
663 1736 855 1823 appelletur.
901 1735 1057 1814 „Habent
1084 1744 1193 1803 tamea
1296 1760 1300 1769 ⁴

220 1851 391 1935 scriptores
426 1862 458 1914 et
489 1836 634 1935 inprimis
671 1862 788 1937 poetae
820 1851 1035 1932 Alexandrini,
1070 1851 1211 1949 antiqui·

221 1965 352 2049 quidem
372 1963 431 2042 illi,
455 1987 543 2027 suam
576 1966 777 2050 elegantiam,
805 1968 1030 2030 amoenitatem
1052 1977 1085 2029 et
1105 1989 1206 2031 amn-0

219 2078 319 2140 bilem
346 2079 581 2163 simplicitatem
610 2081 780 2165 quandam,
814 2104 880 2144 non
908 2081 1073 2144 horridam
1103 2081 1192 2144 illam

223 2201 257 2255 et
280 2193 444 2273 incultam,
472 2194 528 2258 sed
560 2195 712 2258 mundam
745 2205 778 2258 et
799 2197 934 2282 politam
968 2218 1071 2282 eoque
1091 2195 1190 2281 magis

221 2309 404 2387 notabilem,
430 2332 493 2393 quo
516 2311 736 2375 obscuriorem
763 2334 817 2376 eos
848 2312 1044 2397 diligentiam
1066 2312 1099 2374 in
1122 2311 1190 2374 aliis

220 2426 315 2487 rebus
335 2428 474 2510 posuisse
498 2437 641 2511 apparet,
670 2426 725 2491 sed
754 2449 958 2493 communem
982 2439 1093 2491 tamen
1120 2445 1192 2490 cnm

220 2544 322 2602 omnis
348 2543 436 2605 istius
467 2542 566 2606 seculi
599 2544 684 2605 vitae
715 2542 879 2628 elegantia.
928 2545 1085 2606 Miramur
1111 2542 1194 2604 adeo·
1259 2558 1264 2565 “

221 2653 254 2715 in
274 2657 312 2715 iis
335 2665 367 2714 et
386 2656 547 2718 laudamus
571 2657 749 2720 orationem
769 2668 896 2735 tersam,
917 2657 1058 2733 nitidam,
1077 2677 1192 2738 param

222 2777 255 2829 et
278 2769 485 2850 elegantem“.
504 2770 556 2851 ¹⁶)
605 2768 671 2833 Sed
692 2793 750 2858 ego
771 2771 832 2833 hac
853 2771 892 2832 de
914 2791 950 2830 re
971 2789 1011 2830 ne
1030 2777 1085 2830 aut
1107 2768 1192 2831 levia

222 2881 340 2960 dicam,
367 2892 422 2947 aut
450 2883 572 2963 eadem,
600 2907 682 2970 quae
709 2909 728 2948 a
754 2887 830 2950 viris
860 2883 1048 2946 doctissimis
1070 2883 1192 2966 optime

222 2997 287 3058 iam
313 2996 399 3058 dicta
432 3008 515 3076 sunt,
553 2999 677 3083 legatur
707 3000 774 3085 ipsa
803 2997 921 3083 Hsynii
945 2996 1116 3081 disputatio
1152 2997 1191 3058 de

221 3114 311 3195 genio
342 3114 434 3173 seculi
457 3114 702 3177 Ptolemaeorum
736 3115 769 3177 in
807 3134 935 3199 opnsoo.
968 3112 1059 3177 acad.
1077 3111 1141 3175 vol.
1166 3112 1189 3173 l.

222 3229 307 3291 conf.
319 3229 429 3289 Mauso
452 3227 486 3290 in
507 3232 608 3292 varus
625 3232 755 3316 scriptis,
778 3229 811 3292 in
826 3229 1093 3293 commentatione
1109 3245 1190 3310 qnae
1327 3282 1328 3291 ,

222 3343 410 3407 inscribitur
443 3343 542 3408 Ueber
570 3346 632 3411 dus
649 3346 841 3410 libstort‘scbe
863 3347 1005 3432 Geprdge
1024 3343 1082 3407 der
1103 3343 1189 3406 som.
1268 3370 1274 3383 ·

225 3461 407 3523 Litteratur.

259 3800 309 3907 ³⁶)
326 3839 459 3910 lleynius.
