2666 4484
246 282 293 353 36
616 291 782 345 murat
805 293 848 343 D.

241 464 338 529 bonis
358 463 447 527 illum
464 452 573 525 loanni
592 462 755 527 Athenaeo
768 463 910 548 ignotum
927 462 1025 528 fuisse
1042 463 1131 533 eradi
1145 489 1214 533 uon

242 590 363 666 potest:
387 580 535 663 equidem
555 580 699 663 suspicor
718 580 873 645 Athenaei
895 581 994 643 verba
1015 584 1076 666 apd
1097 578 1213 649 seiron

242 719 307 760 non
330 694 372 757 ad
391 691 538 758 Σωτάδου
562 694 732 758 referenda
749 716 826 772 esse,
843 693 899 756 sed
915 695 956 756 sd
968 694 1094 772 ,ἰωνικὸς
1110 694 1220 781 λόγος,

240 822 335 895 atque
363 809 604 894 interpretanda
636 811 701 872 sive
731 831 792 893 pro
826 813 925 873 ionico
960 833 1096 875 sermone
1126 815 1213 877 dicta

240 929 343 989 tunica
363 929 514 1002 carnaim,
536 947 560 987 s.
576 939 706 1009 propter
728 924 779 986 vel
804 926 965 1015 secundum
990 930 1121 990 ionicum
1146 951 1214 990 sar-

238 1063 356 1103 monem
379 1040 466 1102 dieta
489 1042 592 1103 ionica
616 1041 765 1101 carnaim.
1137 1108 1142 1111 Δ

319 1157 452 1217 Praeter
485 1155 556 1217 hos·
583 1164 729 1237 quatuor,
764 1154 946 1237 Sopatrum,
979 1152 1207 1234 Rhiathonem,

239 1269 390 1333 Sotadem
412 1280 445 1332 et
464 1268 678 1331 Alexandrum
702 1270 758 1353 qui
786 1269 904 1354 reliqui
924 1265 1159 1355 φλυακογράφοι
1181 1294 1207 1332 s.

235 1381 372 1469 plaitasse
398 1383 644 1467 ascriptoribus
665 1384 847 1461 laudantur,
870 1407 923 1451 eos
939 1385 1084 1449 breviter
1111 1385 1207 1451 liceat

236 1509 269 1561 et
288 1498 422 1565 sufficiat
445 1518 648 1561 enumerare:
674 1498 772 1584 Lysis,
802 1499 905 1565 simus
931 1502 1061 1583 Magnes
1086 1500 1204 1584 (strab.

233 1613 334 1692 Ll.);
362 1614 460 1698 Pyres
485 1613 626 1677 Milesius
660 1614 796 1693 (Athen.
826 1614 848 1674 Ι.
870 1612 921 1695 l),
950 1616 1097 1700 prolecto
1118 1614 1205 1679 idem

234 1731 289 1812 qui
311 1728 430 1791 Snidae
453 1728 473 1788 l.
497 1728 517 1788 l.
540 1729 660 1793 dicitur
687 1721 857 1812 11υρῥόςὸ
883 1727 1049 1810 Μιλήσιος
1056 1756 1069 1810 ,·
1093 1729 1203 1793 Aleuas

234 1841 388 1924 (Athen.);
415 1842 610 1921 Theodorus,
627 1842 876 1921 Timocharidas,
893 1845 1080 1908 Xenarchus
1101 1843 1206 1926 (said

232 1959 253 2020 l.
276 1958 323 2038 l.),
347 1967 380 2019 et
411 1956 437 2016 si
466 1957 634 2020 Reuvensii
669 1957 859 2035 (Colleetao.
890 1959 1038 2041 Litteras.
1067 1982 1099 2042 p·
1136 1962 1203 2045 69.)

234 2072 452 2134 coniecturam
473 2071 511 2139 iu.
527 2072 615 2156 Lydo
638 2070 678 2133 de
699 2073 871 2156 Magistrat.
893 2074 984 2137 Rom.
1006 2072 1027 2132 Ι.
1048 2074 1072 2134 Ι.
1104 2075 1131 2149 ὁ.
1148 2094 1201 2152 41,
1274 2140 1278 2147 ,

234 2181 495 2270 Φλωακογράφων
513 2208 575 2270 pro
597 2186 1046 2271 Hvduyopu'uaprobaveris,
1071 2188 1201 2251 Aseeras

233 2323 359 2385 quoque
382 2302 515 2380 (Scires,
537 2300 651 2367 Athen.
668 2302 689 2365 l.
713 2304 765 2365 lll.
787 2325 820 2385 p.
829 2308 890 2380 77.)
912 2313 945 2365 et
962 2303 1082 2366 Blesas.

310 2418 456 2479 Fortasse
478 2418 574 2481 etiam
586 2420 679 2479 Timo
696 2417 850 2479 Phliasius
872 2410 889 2479 ὅ
913 2413 1125 2501 σιλλογράφος
1137 2417 1201 2479 hue

152 2590 165 2602 κ
231 2532 415 2597 referendus
431 2544 497 2612 est,
526 2556 705 2617 quanquam
728 2535 813 2595 inter
832 2531 1106 2617 phlyaeographos
1127 2555 1202 2599 nus.-

230 2669 325 2729 quam
345 2651 543 2711 nominatur:
577 2648 646 2710 Silli
669 2649 755 2711 enim
777 2670 797 2707 a
816 2628 1200 2730 plvauoypapthqcuius

230 2763 355 2845 generis
376 2764 482 2825 variae
506 2772 598 2823 erant
617 2772 734 2844 partes,
756 2765 864 2827 omnia
893 2762 1053 2825 irridentis
1081 2774 1114 2826 et
1143 2785 1200 2825 aa·

228 2876 365 2941 villanis
386 2886 500 2941 natura
521 2876 652 2940 minime
673 2878 900 2941 abhorrebant.

401 3192 442 3261 E·
483 3190 1032 3269 EPIGRAMMATA.

308 3336 569 3438 Epigrammatici
590 3357 768 3418 carminum
789 3355 912 3438 generis
929 3354 1063 3416 maxime
1083 3360 1199 3433 poetae

225 3470 429 3533 Alexandrini
448 3471 582 3532 studiosi
602 3472 743 3547 fuerunt,
766 3490 869 3554 neque
889 3469 971 3530 ullus
991 3469 1122 3529 fortasse
1138 3464 1199 3526 tuit

226 3602 348 3665 eorum,
381 3589 436 3670 qui
474 3609 538 3648 non
570 3587 795 3669 epigrammata
824 3583 1003 3667 scripserit:
1032 3604 1093 3644 nee
1121 3601 1197 3642 vero

224 3709 302 3761 tuno
323 3703 475 3787 temporis
497 3713 533 3764 nt
553 3704 629 3765 olim
651 3710 772 3763 statuae
785 3700 893 3776 modo,
909 3698 1068 3781 sepulcra,
1082 3695 1198 3780 templu

225 3812 369 3893 deorum,
398 3819 536 3879 cuiusvis
565 3817 689 3900 generis
724 3815 808 3877 dona
838 3814 896 3879 diis
932 3823 1131 3891 consecrata,
1166 3820 1199 3873 et
