2666 4484
1090 275 1130 338 ll

166 456 282 527 veteris
304 453 488 537 disciplinae
506 453 661 538 *nectens
689 472 797 529 omncs
819 468 975 535 quosquos
996 455 1139 537 scripto-e

106 584 114 595 '
165 594 216 634 res
246 578 417 652 occupatos
436 568 576 631 tenebat.
633 565 746 643 „Hanc
759 565 842 627 -dico
874 567 1130 646 Grammaticom‚
1237 592 1245 645 j
1300 563 1312 637 f

166 686 363 768 antiquitatis
384 681 621 767 indagatricem,
640 700 721 764 quoe
743 679 918 757 homiuum,
952 690 1132 762 temporum

64 848 69 855 .
165 819 337 882 rerumque
354 807 520 881 gestarum
553 804 758 858 monumento
784 796 938 857 memorio
959 794 1131 860 etiudicio

165 886 403 996 complectitur3
440 914 528 975 cuius
570 912 722 973 scientiae
766 909 962 976 incredibilis
998 913 1132 974 suavitas

164 1026 262 1109 semel
279 1036 432 1110 percepto
454 1048 515 1109 per
534 1025 598 1089 duo
618 1027 686 1088 fere
705 1026 811 1088 secula
826 1024 993 1088 bominum
1011 1036 1131 1089 mentes

164 1141 208 1201 ita
227 1143 341 1218 tenuit,
374 1140 516 1205 utnulla
541 1139 757 1203 vehementius
779 1162 875 1224 quam
898 1142 1131 1203 Grammaticae

161 1255 267 1318 studio
287 1255 454 1336 vigerent“
471 1256 533 1331 Ῑ5).
573 1254 755 1332 Poetarum,
777 1277 914 1340 quorum
926 1277 1026 1339 opera
1038 1276 1132 1317 cura-

162 1390 226 1453 que
260 1391 373 1450 magna
410 1367 442 1427 in
478 1368 591 1430 fabulis
626 1369 784 1433 subtiliter
815 1369 1005 1442 explicandis
1036 1381 1131 1454 utque

161 1482 284 1545 idcirco
306 1483 338 1542 in
357 1481 593 1565 perscrutandis
618 1483 775 1547 veteribus
799 1482 1007 1567 scriptoribus
1030 1484 1131 1546 collo·

149 1590 237 1659 'catu
262 1606 341 1672 erat,
364 1607 397 1658 ct
426 1596 715 1659 Grammaticorum
742 1596 846 1659 studia
872 1599 1033 1663 communi
1060 1600 1131 1660 vin-

161 1709 235 1771 culo
257 1711 343 1787 inter
363 1731 396 1773 se
418 1728 618 1791 summopere
638 1708 895 1788 continebantur,
912 1731 1017 1793 neque
1029 1712 1131 1773 bouus

131 1827 328 1932 ‘quisquam
362 1832 461 1905 poeto
494 1823 565 1899 fuit,
602 1825 657 1906 qui
683 1843 749 1884 non
782 1833 862 1886 esset
882 1825 1130 1897 (summaticun

136 1992 144 2003 .
160 1961 222 2002 nec
243 1961 320 2002 vero
341 1938 470 2005 omnino
486 1938 566 1999 ullus
581 1960 617 2001 ex
637 1936 785 2002 omnibus
797 1936 919 2007 illustre
937 1939 1000 2003 sibi
1012 1961 1128 2002 nomen

159 2050 379 2139 comparatum
397 2054 546 2132 babebat,
568 2055 657 2145 „qui
684 2075 750 2116 uon
771 2064 804 2118 et
830 2056 935 2121 bonus
960 2066 1068 2140 poeta,
1098 2066 1130 2117 et

158 2174 382 2256 grammaticus
412 2179 444 2245 ct
475 2169 681 2253 philosophus
711 2180 743 2233 et
769 2169 1007 2233 mathematicus
1035 2193 1130 2254 prae-

153 2285 263 2348 clarus
285 2284 547 2346 existimaretur“.
591 2284 719 2360 Quanta
732 2282 861 2347 illorum
872 2283 1130 2371 doctissimorum

157 2399 301 2462 virorum
323 2397 363 2461 dc
392 2396 483 2458 nobis
512 2378 545 2458 et
572 2379 713 2457 omnium
742 2416 823 2478 quae
849 2406 1022 2479 sequentur
1048 2405 1129 2456 tcm-

153 2533 273 2597 ‚porum
301 2510 483 2573 hominibus
516 2509 630 2570 merito
663 2508 736 2588 sint,
774 2510 921 2592 profecto
949 2532 969 2569 a
1001 2511 1128 2571 nemine

157 2649 297 2711 unquam
320 2625 534 2688 dubitabitur:
555 2634 694 2688 attamen
714 2625 908 2710 polymathia
931 2624 985 2687 illa
1003 2633 1128 2687 certum

157 2751 205 2804 est
235 2743 388 2825 „ingenia
415 2742 510 2804 obrui
542 2740 648 2825 potius
685 2764 779 2825 quam
817 2741 859 2802 oli
896 2740 1066 2804 debuisse“
1087 2773 1128 2788 -··

152 2856 340 2938 ‚uolopuds'u
364 2852 438 2920 νόον
468 2849 506 2920 oti
535 2836 677 2920 διδάσκει
705 2888 746 2904 -
782 2867 875 2939 atque
907 2866 972 2919 tom
1006 2858 1127 2917 variam

156 2973 350 3054 scriptorum
375 2972 500 3054 copiam
528 2972 567 3032 ab
589 2994 653 3033 uno
675 2969 851 3053 eodemque
872 2972 1049 3054 profectam
1070 2981 1126 3034 aut

156 3107 269 3148 verum
303 3085 457 3147 uberrimi
493 3086 558 3147 eius
590 3087 707 3169 ingenii
748 3088 843 3151 fuisse
872 3084 1039 3163 indicium,
1072 3096 1126 3148 aut

156 3202 232 3285 ipsis
245 3199 366 3285 litteris
384 3199 639 3281 perutilissimum
657 3201 831 3267 existimare
843 3203 975 3264 minime
988 3223 1125 3284 possum.
1165 3236 1170 3245 ·

62 3354 72 3369 ·
156 3317 225 3380 Nou
249 3315 426 3383 enimtam
455 3312 549 3377 variis
578 3332 615 3373 ac
640 3334 743 3395 prope
764 3314 897 3377 diuersis
916 3314 1042 3399 ingenia
1061 3313 1123 3373 hn-

118 3487 123 3493 .
156 3448 248 3493 mana
280 3428 383 3493 solent
412 3448 449 3491 re
474 3440 550 3492 vero
578 3426 743 3506 excellere,
781 3437 890 3512 atquo
904 3439 941 3501 ut
969 3428 1003 3490 iu
1030 3426 1123 3491 rebus
1206 3470 1212 3481 -

191 3795 241 3866 ¹⁵)
257 3776 412 3854 bobocbius
431 3798 466 3853 ud
484 3796 671 3875 Phrynicbun
689 3816 718 3869 p.
738 3795 798 3853 481.
