2666 4484
591 326 754 378 nra-runs
788 330 820 380 1.
855 294 859 301 ⁴

489 499 929 577 tfftsrotttl.

307 630 506 715 singularem
527 629 685 714 quendam
703 626 854 692 historiae
876 640 910 693 et
928 631 1059 715 (pridem
1076 634 1194 698 Aetoli.

225 769 282 811 eae
304 746 423 809 librum
435 745 646 808 Alexandrum
666 744 836 828 scripsisse,
848 728 947 828 xquod
967 758 1098 829 praeter
1118 751 1195 811 alios

224 861 538 947 Schweighaeuserus
570 860 605 921 iu
635 857 702 922 inda
731 858 773 920 ad
804 857 919 920 Athen.
951 881 987 923 er
1017 884 1081 922 una
1113 885 1194 926 voce

224 973 348 1059 ἱστορεῖ
362 974 383 1036 l.
405 979 447 1041 X.
468 1000 500 1060 p.
523 995 594 1057 412.
613 975 635 1035 f.
660 1007 700 1023 -
719 973 896 1036 Alexander
914 972 970 1036 hic
988 975 1132 1061 loquitur
1154 978 1195 1039 de

224 1094 368 1155 Titormo
393 1092 505 1154 Aetolo
526 1124 568 1137 -
587 1089 759 1172 suspicatus
788 1098 845 1165 est,
874 1111 933 1175 ego
966 1111 1031 1161 neu
1061 1091 1192 1174 quidem
1275 1102 1281 1111 '

225 1230 318 1291 nego,
340 1206 395 1267 sed
416 1227 497 1289 nego
526 1214 581 1266 aut
603 1226 640 1266 ex
662 1204 726 1264 eius
751 1201 903 1287 reliquiis,
926 1214 980 1266 aut
1000 1226 1036 1266 ex
1056 1204 1200 1267 alierum.

223 1322 408 1384 testimoniis
430 1320 464 1379 id
492 1318 598 1402 colligi
625 1339 726 1402 posse.
775 1319 1091 1402 Schweighaeuserus
1120 1320 1193 1402 epi-

223 1448 318 1499 natur
336 1436 400 1497 hoc
420 1435 519 1495 verhe
542 1436 602 1494 uta
622 1433 748 1516 (quai)
772 1435 896 1496 ratione
915 1458 979 1497 nou
999 1436 1048 1496 uti
1066 1434 1192 1496 solitum

223 1573 288 1613 esse
308 1549 607 1635 Deipnosophistam
630 1558 786 1627 nostrum,
816 1550 876 1610 nisi
895 1551 951 1611 uhi
973 1549 1012 1611 de
1034 1549 1192 1613 Historia-

168 1710 177 1728 .
222 1689 295 1730 rum
317 1666 422 1750 aliquo
444 1666 598 1749 scriptore
621 1664 781 1748 loquatur.
829 1667 869 1727 At
897 1665 980 1727 istud
1000 1664 1193 1727 vocabulum

223 1804 288 1843 non
310 1782 404 1844 modo
426 1781 547 1842 solutae
570 1781 725 1848 orationis,
741 1779 913 1849 historicae
939 1783 1006 1843 vim
1034 1779 1189 1857 continet,
1262 1790 1266 1805 ·

221 1897 279 1965 sed
300 1918 409 1963 omnes
431 1894 738 1979 cuiusmodiounque
759 1896 930 1979 scriptores
962 1895 1028 1957 dici
1059 1907 1192 1978 possunt

221 2010 355 2095 ἱστορεῖν
377 2020 410 2076 et
430 2032 465 2072 re
487 2031 563 2073 vera
590 2009 758 2077 dicunturt
779 2010 950 2075 Parthenio
970 2012 1046 2072 -fere
1068 2013 1193 2096 ubique
1293 2090 1296 2100 Ι
1323 2004 1324 2025 ³

221 2122 385 2207 irruperint
413 2134 543 2209 poetae;
590 2126 676 2209 quod
709 2147 786 2188 vero
828 2125 1042 2210 gravissimum
1073 2135 1190 2194 eontra

221 2241 309 2307 illam
338 2241 556 2307 coniecturam
584 2251 804 2325 argumentum
831 2241 969 2319 videtur,
985 2244 1064 2325 ‘ipse
1092 2239 1194 2303 Athea

221 2380 318 2425 naeus
338 2358 428 2425 verbi
443 2372 537 2420 causa
562 2356 658 2427 l.Vll.
673 2380 706 2441 p.
721 2360 828 2440 2960.
837 2401 847 2436 ,
864 2357 920 2420 uhi
929 2357 1055 2443 epicum
1063 2379 1193 2425 carmen

221 2474 360 2552 effertur,
381 2473 469 2552 dicit,
489 2470 612 2557 ἱστορεῖ
625 2466 737 2536 ‹tt—i
752 2472 827 2539 Ata.
844 2465 935 2536 Ἀλ..
975 2473 1038 2541 Alii
1057 2473 1192 2540 eandem

219 2589 294 2655 inde
317 2592 534 2671 coniecturam
557 2592 714 2668 fecerunt,
747 2589 836 2674 quod
855 2588 1045 2657 Pleuronius
1079 2590 1193 2654 dixisse

219 2703 323 2769 femur
341 2703 448 2770 Helles
469 2704 672 2790 aTyrrhenis
693 2715 779 2768 ortes
791 2726 827 2767 ex
847 2704 952 2788 patrio
973 2725 1064 2765 mere
1083 2712 1189 2764 tantos

221 2797 759 2903 levitribuerehonores(frg.XX.)²
780 2820 871 2881 Talia
881 2840 955 2881 vero
965 2818 1060 2879 otiam
1072 2819 1106 2882 in
1116 2838 1193 2878 car-a
1255 2858 1257 2864 ,
1321 2878 1322 2891 ¹

197 2918 201 2925 ’
220 2930 373 3006 minibus,
392 2936 582 3017 praesertim
603 2934 697 2998 decta
712 2936 766 2997 illu
779 2946 893 3013 aetate,
907 2943 1084 3018 potueruut
1100 2954 1191 2996 cem-2

219 3047 399 3109 memorari.
429 3048 586 3131 Equidem
607 3051 744 3114 existimo
766 3049 977 3117 Alexandrum
998 3059 1053 3112 aut
1076 3048 1190 3111 multas

221 3160 261 3224 de
281 3160 414 3225 historin
433 3164 547 3247 petitas
570 3188 621 3229 res
642 3167 808 3231 inseruisse
831 3165 1025 3235 carminibus
1044 3165 1117 3241 suis,
1135 3172 1190 3224 eut

219 3276 361 3343 earmina
381 3277 525 3358 heroicis
542 3281 674 3346 fortasse
693 3283 835 3348 versibus
855 3285 973 3366 scripta
986 3281 1020 3341 in
1037 3277 1188 3341 historiae

208 3390 350 3459 'modum
371 3398 595 3480 composuisse,
610 3420 670 3466 nec
687 3408 794 3467 tamen
810 3419 883 3466 eum
899 3396 1081 3482 negaverim
1093 3414 1189 3478 presa

218 3530 345 3597 queque
367 3511 511 3578 erutione
531 3512 698 3579 historiam
718 3513 889 3596 scripsisse.
1007 3581 1010 3588 ,

196 3686 201 3695 ,
297 3626 430 3711 Reliqua
452 3627 491 3694 do
514 3627 691 3698 Alexandro
704 3629 894 3707 testimonia,
913 3629 1187 3715 exquibusneque

217 3743 347 3801 nemina
387 3743 573 3821 carminum,
609 3765 712 3828 nequa
743 3745 920 3829 fragmenta
957 3745 1201 3829 cognoscimus·

217 3850 290 3936 ipsis
311 3853 503 3938 fragmentis,
523 3858 579 3923 uhi
600 3869 708 3946 aptum
728 3860 907 3937 videbatur,
930 3860 1046 3929 adieci.
