2666 4484
510 304 671 353 umere
696 306 737 353 u.
1059 293 1105 362 35

137 500 218 544 vero
239 477 384 560 intelligo
405 494 467 561 qua
486 475 613 537 ratione
630 473 764 536 Sotades
782 472 941 539 Cretensis
960 476 1109 562 idemque

134 595 304 659 Maronita
322 589 442 654 Saidae
461 589 653 653 nominetur.
702 589 848 653 Fortasse
879 588 1026 654 Comicus
1054 593 1108 658 ille

134 714 204 772 tuit
217 706 387 784 Cretensis,
400 702 618 788 qnemSuidas
630 701 778 787 quianon
793 728 811 764 a
828 714 937 766 nostro
955 703 1109 786 disiunxit,

136 826 233 902 duos,
256 843 333 907 qnos
352 843 453 884 unum
481 820 654 905 putaverit,
683 841 748 881 nno
776 821 904 882 nomine
932 821 1111 904 complexus

138 949 190 1003 est
210 939 302 1020 Κρὴς
324 933 542 1020 Μαρωνειῒης.
582 934 694 996 Suidas
714 955 786 997 voc.
809 930 955 1016 Σωτάδης
977 936 1041 1020 Kc·
1063 938 1110 999 M.

137 1063 307 1116 enumerat
328 1051 453 1114 Sotadis
474 1050 611 1111 fabulata
634 1049 697 1113 εἰσί
711 1046 746 1112 δὲ
765 1041 864 1111 αὐτοῦ
887 1046 955 1130 εἴδη
974 1054 1112 1114 πλεῖστα·

136 1159 227 1245 οἷον,’
245 1166 301 1241 Εἷς
323 1160 403 1254 ᾅδου
434 1161 613 1246 κατάβασις·
644 1161 801 1248 Πριήπος·
831 1162 887 1238 Εἷς
915 1164 1112 1245 Βελεστίκην·

133 1277 285 1363 Ἀμαζῶν
297 1282 358 1347 ⁴aad
377 1279 475 1363 ἕτερα.
497 1276 551 1343 καὶ
566 1275 796 1363 Ἐγκλειόμεναι
816 1277 872 1342 καὶ
884 1276 1114 1362 naperpapot.

134 1420 241 1479 μενος.
284 1398 334 1456 De
356 1395 476 1459 duabus
497 1396 647 1479 proximis
668 1398 733 1458 iam
754 1396 875 1457 dictum
907 1405 969 1468 est3
997 1416 1034 1458 cr
1062 1417 1115 1461 re-

137 1512 234 1595 liqni's
255 1531 332 1573 voro
352 1533 434 1594 quae
456 1511 580 1573 Comici
601 1510 674 1588 sint,
696 1530 777 1596 qnae
803 1513 996 1587 Merendae,
1017 1512 1113 1572 certis

139 1627 335 1710 argumentis
366 1624 501 1689 iudicari
534 1646 600 1685 non
630 1599 747 1707 potest,
780 1633 919 1687 attamen
947 1625 1114 1707 suspiceris

140 1720 279 1824 reliquas
300 1761 408 1804 omnes
428 1740 608 1800 Maronitae
628 1738 733 1818 fnisse,
761 1737 880 1821 qnippe
910 1761 991 1820 quac
1011 1741 1115 1801 verbis

141 1855 197 1920 καὶ
228 1852 318 1937 ἕτερα
343 1855 382 1915 ab
412 1853 474 1917 illis
501 1861 666 1936 separatae
693 1853 770 1917 sinti
804 1852 953 1921 nimirum
984 1854 1115 1917 lor-tasse

139 1968 201 2055 ipsi
222 1969 340 2033 Suidae
360 1973 446 2034 inter
474 1979 624 2053 utrasque
645 1969 814 2033 videbatur
840 1991 906 2032 esse
937 1968 1116 2049 discrimem

141 2106 323 2169 quanquam
350 2108 369 2147 a
398 2085 555 2170 scriptore
583 2085 743 2168 profectas
773 2083 897 2174 codem.
920 2102 962 2134 -·
983 2086 1115 2149 Sotades

141 2214 250 2283 regem
269 2210 406 2284 prepter
425 2201 491 2263 eins
511 2223 587 2263 cum
617 2221 729 2262 sorore
750 2203 990 2265 matrimonium
1016 2201 1116 2264 versi-

141 2315 200 2379 hus
226 2314 428 2376 acerbissime
467 2315 629 2376 cavillatus
658 2324 706 2375 est
737 2323 770 2374 et
795 2314 889 2375 huius
919 2317 968 2376 rei
998 2337 1117 2395 poenes
1157 2384 1164 2399 Ι

141 2426 352 2509 Philadelpho
371 2449 479 2509 graves
495 2426 650 2509 persolvit
674 2425 849 2508 (Plutarch.
867 2426 907 2486 dc
922 2426 1012 2487 educ.
1024 2425 1114 2487 liber.

142 2565 170 2603 c.
183 2544 261 2623 ι4.),
285 2558 436 2625 quaeres
459 2540 543 2624 apud
564 2539 764 2601 Athenaeum
788 2539 809 2600 l.
831 2539 918 2605 xlv.
940 2560 974 2622 p.
993 2539 1065 2602 620.
1087 2562 1115 2600 e.

143 2667 176 2719 et
195 2656 395 2720 Eustathium
417 2656 457 2719 ad
479 2656 513 2715 ll.
535 2679 569 2718 π.
590 2660 660 2736 432.
686 2657 727 2722 ,in
748 2655 889 2716 fabulam
908 2654 996 2732 abiit,
1025 2653 1119 2717 Sota-

143 2773 215 2833 dem
236 2773 270 2835 in
292 2775 372 2837 cista
392 2772 542 2856 plumbea
562 2771 720 2833 inclusum
741 2773 828 2833 etin
840 2771 921 2833 mari
937 2770 1117 2834 demersum

143 2909 222 2952 esse.
241 2920 282 2937 -
302 2886 383 2949 lllud
403 2899 564 2970 postremo
586 2889 704 2951 mirum
724 2885 882 2965 videatur,
912 2887 999 2972 quod
1025 2887 1115 2950 Stra-

144 3001 221 3064 boni
242 3000 373 3063 Sotades
401 3005 494 3084 prior
524 3003 703 3065 Alexandro
733 3003 846 3066 Aetolo
875 3004 926 3081 sit,
953 3002 1117 3066 Athenaeo

145 3126 251 3179 antem
288 3113 405 3203 Sotade
446 3116 637 3178 Alexander:
672 3116 788 3179 Strabo
823 3119 909 3183 enim
943 3118 965 3177 l.
995 3120 1016 3178 l.
1038 3119 1117 3180 dicit

92 3218 96 3233 ι
143 3222 227 3313 ἦρξεἹ
237 3227 272 3292 δὲ
284 3222 431 3306 Σωτάδης
442 3227 511 3307 μὲν,
519 3262 557 3277 -
565 3225 670 3295 ἔπειτα
679 3225 884 3312 Ἀλέξανδρος
897 3226 1070 3305 ὅΑἶτωλός
1078 3264 1117 3277 -

111 3336 116 3343 ’
146 3346 268 3408 Contra
287 3343 471 3410 Athenaeus
498 3344 520 3404 l.
542 3345 629 3409 XIV.
657 3368 688 3428 p.
711 3350 782 3413 620.
804 3370 851 3426 e,
881 3342 898 3411 d
930 3347 965 3412 di
995 3348 1118 3420 ι’ωνικός

147 3459 239 3542 λόγος
257 3461 298 3524 τὰ
310 3455 459 3526 Σωτάδου
482 3460 536 3537 καὶ
554 3463 594 3524 τὰ
615 3462 676 3545 πρό
692 3457 806 3526 τούτου
818 3462 928 3526 ἰωνικὰ
941 3459 1117 3540 καλούμενα

146 3569 302 3654 ποιήματα
326 3571 533 3660 Ἀεξάψδρυυ
558 3601 587 3640 κ.
624 3600 652 3639 τ.
679 3580 711 3642 λ.
746 3576 902 3660 Uterque,
923 3576 1057 3641 Sotades
1085 3588 1118 3640 et

146 3687 322 3752 Alexander
345 3692 459 3755 eodem
482 3714 557 3778 rege
579 3702 731 3776 regnante
763 3694 919 3768 vixerint,
951 3713 1049 3774 quare
1071 3692 1119 3757 al-
1174 3674 1179 3683 .

146 3814 217 3867 tero
240 3805 321 3868 alter
341 3806 434 3890 longe
456 3811 617 3893 posterior
640 3819 821 3881 cantenor
840 3806 917 3879 fain
950 3806 1005 3871 sed
1027 3807 1119 3915 'Stra-
