2666 4484
508 313 669 365 emus
694 313 730 364 e.
1056 301 1122 397 37,

135 487 223 549 aliae
244 502 398 569 quaeres
419 482 547 568 publica
568 483 756 566 conspicuae
777 490 860 557 sunt,
881 486 1106 568 epigrammate

133 600 271 662 inscribi
291 598 384 660 solita
411 608 513 676 erant,
544 596 600 661 sed
627 597 762 679 cogitata
793 618 919 679 qnoque
944 599 1106 663 hominem

130 725 267 778 certum
285 713 444 798 quendam
465 713 568 773 facete
597 710 649 774 vel
670 708 826 773 irridendi
853 711 905 773 vel
928 711 1121 781 honorandi·

133 830 295 914 graticio
320 814 580 912 epigrammatum
602 827 738 887 formam
755 826 994 910 redigebantur.
1028 827 1107 910 Epi-

134 954 349 1030 grammatum
369 944 488 1005 eadem
501 964 583 1027 qnae
605 941 742 1003 aliorum
762 958 914 1025 generum
934 941 988 1003 illa
1004 951 1107 1004 aetate
1138 954 1144 965 ‘

42 1042 47 1049 .
133 1058 262 1121 indoles
284 1060 362 1120 fuit:
392 1067 508 1141 poetae
537 1058 623 1119 enirn
644 1058 759 1118 omissa
784 1055 893 1139 priore
914 1057 1014 1118 nitida
1032 1058 1107 1119 sirn-

131 1173 280 1257 plicitate
301 1173 488 1234 facetiorem
509 1171 667 1254 quandam
686 1171 875 1256 elegantiam
894 1172 1105 1234 sectabantur.

113 1294 118 1297 “
218 1287 387 1351 Alexandri
415 1286 516 1347 nostri
544 1286 768 1370 epigrammate
804 1297 942 1372 quatuor
984 1295 1108 1348 sertata

131 1400 301 1477 habemus,
322 1400 384 1462 tria
406 1400 439 1462 in
458 1400 586 1464 Anthol.
607 1404 675 1482 Gr„
697 1413 845 1486 quartum
868 1403 907 1464 ah
930 1401 1105 1479 Athenaeo,

42 1514 44 1521 ’
132 1516 442 1600 quoruupomnium
462 1526 646 1599 argumenta
661 1517 795 1580 maxime
809 1518 897 1579 veria
920 1527 1003 1595 sunt,
1019 1541 1106 1580 ama·

131 1629 256 1693 terium
279 1629 411 1690 nultum.
451 1630 613 1712 Meleager
635 1651 774 1693 coronae
800 1653 875 1694 suae
897 1631 1107 1715 epigramma-

129 1750 204 1809 erm
237 1742 403 1807 intexuisse
440 1764 474 1805 se
506 1743 674 1807 Alexandri
713 1762 856 1829 qnoque,
888 1743 975 1805 haud
1010 1743 1106 1808 dubie

130 1858 252 1934 Aetoli,
279 1862 506 1944 epigrammata
536 1869 574 1923 ut
599 1861 711 1923 virides
738 1862 801 1926 otei
834 1880 940 1926 ramos
972 1868 1106 1925 testatur

129 1975 268 2059 praefat.
291 1997 317 2036 v.
342 1979 397 2056 39:

195 2089 271 2164 τοῦς
292 2082 325 2150 d'
346 2083 399 2170 ἅμ’
419 2082 635 2177 Ἀλεξάνδροιο
656 2088 747 2168 νέους
766 2085 906 2177 ὄρπηκας
926 2088 1043 2176 ἐλαίης.

129 2203 300 2266 Alexandri
318 2204 460 2287 primum
478 2209 577 2269 estin
599 2208 729 2289 ,Panem
756 2210 839 2291 (frg.
859 2208 979 2285 Vnt),
1018 2206 1104 2292 qued

130 2316 335 2401 simplicitate
357 2337 413 2378 sue
432 2317 559 2381 videtur
582 2322 725 2382 omnium
745 2320 1005 2383 iucundissimum
1026 2341 1103 2397 esse,

131 2433 271 2494 alterum
290 2434 323 2492 in
347 2431 495 2493 Venerem
513 2447 673 2493 &matam
695 2434 768 2517 (frg.
789 2434 873 2513 lx.)‚
898 2432 930 2493 in
951 2434 1105 2495 Antholo-

129 2549 185 2633 gia
207 2547 273 2631 ipsa
294 2547 484 2629 inscriptum
508 2545 565 2621 Εἰς
581 2540 772 2631 Ἀφροδίτην
792 2542 991 2628 ὡπλισμένην
998 2573 1009 2626 ,·
1038 2558 1105 2610 ten-

130 2665 213 2726 tium
234 2663 267 2723 in
290 2661 477 2739 Alcmenam,
499 2664 603 2747 ipsum
623 2663 657 2724 in
674 2684 712 2724 eo
727 2663 766 2725 de
787 2685 820 2726 se
834 2665 902 2747 ipso
919 2662 1104 2756 loquentem

131 2782 206 2864 (frg.
227 2780 302 2860 X.);
324 2790 482 2864 quartum,
504 2781 591 2865 quod
614 2782 781 2843 Fabricius
803 2781 876 2842 Vol.
898 2781 951 2843 IV.
972 2804 1004 2865 p·
1030 2784 1100 2861 460·

130 2898 324 2978 epigramma
356 2899 388 2957 in
415 2896 621 2978 Agathoclem
649 2898 837 2974 nominavit,
873 2896 928 2959 alii
955 2896 1102 2959 dixerunt

128 3009 345 3090 fragmentum
382 3010 514 3094 elegiaci
549 3013 708 3092 carminis}
736 3034 814 3090 esse,
850 3033 912 3096 quo
947 3011 1102 3095 perediae
1171 3055 1173 3067 ι

128 3119 262 3185 historia
290 3121 445 3204 quaedam
473 3126 610 3207 exposita
639 3129 748 3205 fuerit,
777 3127 892 3212 procul
922 3125 1020 3189 dubio
1051 3128 1101 3189 in-

121 3236 333 3331 ·scrihendum
354 3246 402 3298 est
431 3240 622 3339 epigramma
652 3244 685 3301 in
711 3244 867 3320 Boeotum,
896 3242 1102 3326 parodiamm

128 3363 259 3437 poetam
282 3354 352 3437 (frg.
373 3348 461 3432 XL).
509 3355 658 3433 Quamvis
679 3356 763 3418 enim
782 3355 962 3420 Athenaeus
983 3355 1005 3415 l.
1028 3353 1101 3421 XV·

128 3491 163 3550 p.
183 3469 252 3549 699.
281 3469 312 3531 b.
343 3491 372 3534 c.
411 3468 452 3530 de
483 3472 543 3531 isto
579 3470 719 3532 carmine
752 3470 848 3551 dicat,
885 3472 1098 3536 Alexandrum
1209 3520 1213 3526 -

129 3580 261 3663 ἐλεγεῖον
279 3584 402 3662 fecisse,
425 3594 531 3648 tamen
553 3587 694 3650 eiusdem
717 3587 812 3672 ipsius
832 3588 988 3652 Athenaei
999 3588 1099 3651 verba

128 3694 277 3758 videntur
298 3700 371 3762 satis
394 3699 522 3778 docere,
545 3724 609 3764 non
631 3724 667 3766 re
687 3725 764 3766 vera
779 3704 955 3788 elegiacum
969 3725 1098 3770 carmen

129 3810 273 3893 intelligi,
294 3812 349 3874 sed
370 3818 577 3901 epigramma:
600 3819 624 3883 si
646 3820 730 3883 enirn
746 3819 857 3884 decem
878 3821 917 3885 ab
932 3822 1096 3887 Athenaeo
