2666 4484
242 313 290 382 ρο
605 313 768 373 arr-rena
793 314 832 364 a.

234 491 426 562 Philoxenus
434 487 552 548 dicitur
565 485 832 567 διθυραμβοποιδς
841 475 863 565 ἢ
873 482 1215 570 τραγῳδοδιδάσκαλος.

239 607 428 667 Nominatur
461 596 788 686 τρωγῳδοδιδάσκαλος
815 593 832 660 ὃ
871 598 928 673 τὰς
962 600 1134 687 τραγῳδίας
1161 605 1213 667 δι.

240 716 374 796 δάσκων,
404 739 498 802 quem
537 715 642 778 Latini
677 716 785 775 docere
817 713 938 775 fabulas
972 714 1095 779 dicunt.
1149 720 1212 780 ista

240 833 391 919 loquendi
419 832 501 893 ratio
530 830 604 891 inde
634 829 763 914 quidem
801 827 888 889 haud
923 827 1018 892 dubie
1052 842 1124 893 orta
1153 841 1208 912 est,

242 947 329 1031 quod
350 957 466 1030 poetae
490 945 654 1007 dramatici
682 944 802 1004 fabulas
831 965 900 1005 suas
921 945 954 1005 in
977 965 1071 1008 socna
1093 946 1209 1008 edituri

240 1063 444 1125 histrionibus
465 1069 638 1145 praecepta
666 1080 734 1120 suas
764 1067 869 1140 partes
891 1059 1003 1141 agendi
1026 1059 1104 1122 'dare
1125 1062 1209 1123 solc-

240 1179 337 1241 bant:
358 1176 523 1261 paullatim
543 1194 620 1235 vcro
644 1173 746 1255 prima
759 1171 813 1232 illa
830 1171 1014 1256 significatio
1028 1176 1072 1237 ita
1086 1180 1209 1239 matath

234 1274 298 1370 cst,
320 1302 356 1353 ut
375 1300 485 1374 postea
504 1296 619 1371 poetae
640 1285 760 1347 fabulas
775 1285 807 1345 iu
828 1307 923 1349 scena
938 1288 1064 1353 edentes
1087 1291 1206 1369 docere,

144 1446 148 1455 -
240 1402 407 1482 διδάσκειν,
429 1425 479 1465 eas
494 1403 690 1478 dicerentur,
703 1409 796 1484 atquc
815 1401 873 1485 ipsi
884 1400 1207 1488 τραγῳδοδιδάσκαλοι

240 1521 490 1581 nominarentur.
532 1518 667 1578 Praeter
693 1515 777 1576 hanc
805 1516 1090 1600 frequentissimam
1115 1519 1207 1582 haias

240 1634 377 1696 nominis
417 1633 553 1694 formam
590 1631 650 1692 alia
685 1652 810 1714 qnoque
842 1631 1014 1711 invenitur,
1039 1635 1209 1719 τραγῳδιο-

241 1745 429 1822 attenuata
449 1747 535 1831 apud
562 1746 738 1806 L'ucianum
763 1746 1032 1811 Tom.V111.3r.
1057 1748 1105 1810 ed.
1136 1749 1206 1833 Bip.

239 1863 350 1942 (Tom.
373 1865 426 1923 ΙΙΙ.
447 1864 515 1924 126.
545 1860 592 1920 ed.
615 1861 748 1955 meite),
774 1859 903 1922 minime
932 1873 1089 1950 suspectu
1127 1884 1207 1948 quae

238 1998 316 2040 vero
340 1975 425 2060 apud
446 1974 653 2035 Scholiastam
679 1973 903 2060 'Aristophanis
923 1975 944 2038 l.
964 1976 985 2035 l.
1007 1964 1099 2037 antea
1122 1977 1209 2061 lege-

238 2090 345 2168 batur,
365 2084 666 2175 τραγῳδιδάσκαλος,
695 2064 781 2152 nulla
805 2098 966 2173 astatque
987 2090 1027 2155 ab
1049 2082 1209 2174 interpro-
1323 2126 1324 2137 κ

237 2205 322 2267 tibus
345 2205 408 2266 iam
422 2192 602 2268 *emendata

320 2320 606 2385 Alexandrinorum
633 2319 797 2406 tragoedia
825 2342 891 2384 nou
919 2319 1065 2404 autiquae
1094 2319 1217 2382 atticae-

238 2434 407 2519 imaginem
427 2438 577 2520 praebuit
597 2437 774 2501 imitatione
795 2457 985 2519 expressam:
1013 2434 1045 2496 in
1075 2434 1210 2497 Graecia

240 2551 325 2612 enim
355 2544 442 2615 hau'd
466 2552 568 2613 multo
604 2562 677 2637 post
706 2551 895 2634 Euripidem
925 2550 1087 2634 tragoedia
1105 2570 1208 2634 prope

241 2675 463 2741 consenuerat,
506 2688 604 2748 quare
639 2688 703 2727 non
747 2665 821 2727 inde
855 2665 958 2749 potuit
977 2653 1210 2725 ‘Alexandriam

239 2777 415 2855 transferri,
438 2778 493 2840 sed
515 2781 554 2841 ab
578 2780 650 2863 ipsis
673 2780 953 2843 Alexandrinorum
973 2779 1074 2861 poetis
1096 2776 1210 2839 debuit
1321 2806 1322 2879 ἐ

242 2894 365 2953 restitui
386 2893 436 2955 vel
457 2895 544 2977 quasi
566 2894 670 2957 denuo
692 2896 838 2957 inveniri.
879 2893 928 2954 Ad
945 2894 1027 2955 bene
1042 2890 1210 2954 colendam

243 3007 480 3092 augendamque
517 3019 618 3070 artem
650 3011 855 3073 dramaticam
882 3031 972 3070 sacra
1004 3008 1058 3068 illa
1092 3004 1209 3068 Bacchi

144 3136 167 3206 λ’
242 3126 417 3184 certamina
436 3144 499 3208 per
520 3126 661 3186 eximiam
678 3148 790 3209 regum
807 3124 1010 3187 Alexandriae
1021 3122 1209 3185 munificen-
1320 3126 1321 3203 J

137 3312 142 3327 .
240 3236 319 3299 tiam
342 3237 484 3299 instituta
512 3240 685 3323 plurimum
712 3243 850 3304 valuere.
903 3241 1021 3303 Habuit
1048 3240 1143 3323 igitur
1171 3259 1209 3298 ea

242 3350 330 3413 haud
353 3351 448 3414 dubie
471 3375 557 3417 suam
577 3356 731 3419 indolemz
753 3355 865 3419 babuit
883 3357 1029 3439 profecto
1050 3351 1209 3427 auaritia,

243 3488 355 3530 verum
378 3469 473 3531 ctiam
493 3493 562 3532 suaa
583 3473 732 3544 virtutes;
755 3472 857 3555 qualia
878 3481 985 3534 autem
1003 3470 1083 3533 haec
1104 3468 1210 3531 omnia
1319 3484 1320 3489 ’

239 3580 370 3662 fuerint,
399 3582 435 3646 id
462 3607 587 3673 sempor
618 3587 708 3648 nobis
738 3587 799 3649 erit
828 3588 998 3667 incertum,
1020 3605 1124 3669 neque
1145 3581 1208 3649 scio

240 3715 281 3757 an
312 3718 376 3759 non
405 3699 485 3760 illud
515 3722 534 3762 a
562 3699 681 3783 Langia
714 3701 845 3786 paulum
872 3700 980 3785 inique
1010 3701 1130 3765 factum
1157 3697 1208 3770 ὅῑῐ,

245 3808 332 3891 quod
351 3811 386 3870 in
405 3812 558 3899 vindiciis
580 3814 778 3898 Tragoediae
804 3819 965 3883 Romanae
995 3818 1099 3899 p.16.
1135 3811 1209 3876 ale-
1318 3836 1319 3863 i
