2666 4484
420 305 693 357 rutenensem
727 304 803 354 x11.
1054 296 1097 362 75
1143 274 1169 353 ⁸.

248 471 348 537 πείσει
362 474 451 552 Ζῆνα
471 467 503 537 δ’
525 465 602 555 άνηρ
624 470 734 550 ’ξείνιον
755 469 924 552 αἰδόμενος.

208 580 301 651 Vere.
325 582 376 643 15:
407 586 496 641 reete
527 577 599 641 eod.
628 590 660 641 et
682 579 816 644 Gornnr.
843 576 878 643 ἐν
899 580 1038 661 Φοβάιας
1058 582 1095 659 ln

124 684 250 766 Φαβίου
271 708 334 751 non
356 709 374 749 a
394 686 497 769 primo
517 682 683 747 Parthenii
711 683 845 762 editore,
874 685 930 747 sed
954 708 972 747 ο
996 687 1094 749 Galen

17 782 18 791 ¹
124 793 304 873 profectum
326 801 380 854 est.
422 793 473 852 De
494 789 719 852 hoeGenitivo
737 789 845 853 iuncto
860 813 934 854 cum
947 813 1093 874 praepos.

123 896 177 973 ἐν,
190 898 245 958 ubi
274 920 367 981 saepe
391 897 610 981 corrumpitur
636 905 692 957 aut
711 896 866 980 genitivus
887 898 920 957 in
942 896 1093 975 dativum,

124 1013 179 1066 aut
208 1014 243 1066 ut
270 1014 378 1067 nostro
409 1005 442 1063 in
464 1003 548 1081 loco,
576 1001 610 1065 ἐν
635 1005 668 1065 in
699 1001 744 1079 ἐκ,
766 1003 806 1065 ef.
827 1003 912 1067 Bau.
933 1004 974 1069 ad
997 1006 1092 1090 Greg.

122 1109 195 1169 Cor.
218 1110 267 1171 ed.
290 1098 452 1172 Schoefer.
473 1133 505 1193 p.
529 1110 580 1189 46.
605 1141 646 1155 -
666 1109 700 1173 ln
723 1108 795 1172 cod.
821 1108 938 1193 legitur
961 1104 1094 1175 reticita

122 1214 255 1289 ξονεοῖνα
281 1212 445 1297 θαλάσσης
452 1242 463 1295 ,·
497 1216 611 1285 Gnleus
639 1239 764 1281 comme
792 1216 871 1300 poni
901 1215 991 1279 iubet
1019 1226 1092 1279 ante

119 1318 293 1401 θαλάσσης,
326 1321 414 1382 haud
442 1320 539 1387 dubie
570 1333 606 1385 ut
634 1323 697 1385 hoe
725 1325 859 1385 verbum
887 1322 1092 1407 sequentibus

112 1423 249 1518 ’κρήναις
277 1423 331 1491 καὶ
357 1434 508 1507 ποταμοῖς
534 1428 755 1512 coniungetur,
776 1428 869 1493 mole.
911 1429 1090 1497 Bruneliue

119 1534 253 1593 mutavit
280 1530 335 1594 καὶ
359 1525 420 1595 άλα
449 1533 583 1607 ξονεῶνα
611 1532 774 1616 τραπέζης,
803 1532 890 1618 quod
916 1537 1038 1599 laeohs.
1059 1546 1091 1601 et

117 1638 211 1720 Legr.
231 1640 420 1720 probarunt,
446 1659 484 1698 eo
506 1658 570 1709 non
586 1638 668 1698 male
686 1637 772 1699 ducti
792 1639 936 1716 oonsilio,
957 1650 993 1700 ut
1011 1642 1091 1703 Par-

117 1741 216 1803 thenii
246 1744 345 1805 verba
375 1764 403 1804 c.
425 1743 510 1805 XIV.
545 1741 767 1825 exprimerent,
802 1743 909 1823 νοινην
934 1741 1089 1826 τραπέζιον

115 1845 358 1931 προϊσχόμενοςτ
382 1859 519 1911 attamen
540 1847 683 1932 paullum
695 1848 791 1932 friget
804 1850 855 1910 sat
869 1872 990 1911 mensae
1006 1873 1089 1911 com-

115 1958 223 2032 munis,
238 1958 389 2038 quoniam
410 1957 449 2018 tle
470 1955 534 2018 alio
554 1955 618 2017 sole
635 1977 730 2039 quam
747 1977 874 2021 mensae
888 1954 976 2021 haud
993 1958 1087 2021 focile

115 2062 301 2145 cogitamus3
331 2056 394 2129 άλα
423 2062 557 2138 ξαντιάνα
587 2084 648 2147 per
673 2084 706 2124 se
734 2063 798 2125 inin
826 2072 918 2127 sonat
946 2086 1086 2129 mensam

114 2189 326 2247 communem,
360 2178 392 2230 et
418 2162 491 2242 άλες
518 2168 639 2229 dicitur
665 2189 725 2249 pro
747 2167 974 2251 hospitalitate,
1000 2170 1086 2232 unde

112 2285 203 2336 ortae
224 2285 296 2337 sunt
314 2273 512 2349 locutiones,
533 2271 595 2333 ποῦ
612 2264 694 2346 άλες,
709 2273 771 2334 ποῦ
788 2269 956 2354 τραπέζαις
979 2285 1012 2335 et
1025 2270 1086 2337 άλοι

109 2373 261 2452 vellitus
289 2377 343 2441 καί
367 2374 521 2461 τραπέζαν
540 2371 750 2456 παραβαίνειν.
792 2377 933 2439 Alteram
958 2398 1084 2460 quoque

111 2493 144 2545 et
165 2506 236 2545 eam
255 2483 383 2568 quidem
398 2483 549 2565 optimam
558 2479 756 2563 Legrandius
772 2480 1085 2548 feciteoniecturam

110 2586 165 2652 καί
183 2583 245 2652 άλα
272 2588 416 2667 ξυνιῶνα,
445 2582 604 2670 θαλάσση,
636 2584 724 2669 quod
749 2586 923 2648 Possowius
945 2609 981 2648 ex
1004 2587 1084 2646 Cor-

111 2699 201 2759 nario
229 2719 263 2758 se
295 2697 375 2758 dicit
403 2695 592 2757 restituisse:
630 2691 788 2775 iungenda
823 2701 897 2754 sunt
923 2687 1082 2778 θαλάσση,

109 2799 235 2884 κρήναις
256 2828 284 2865 ιι.
305 2810 467 2884 ποταμοῖς.
508 2803 558 2863 De
588 2822 678 2862 more
699 2809 846 2861 veterum
865 2800 1002 2862 nefanda
1025 2823 1081 2861 au-

109 2907 177 2971 dita
206 2908 308 2972 fluviis
340 2910 489 2995 abluepdi
520 2910 560 2970 ef.
581 2907 692 2970 Valet.
714 2908 755 2970 ad
776 2908 855 2969 Eur.
877 2906 974 2990 Hipp.
998 2910 1080 2984 653„

108 3018 227 3076 Meurs.
249 3014 289 3074 od
299 3016 456 3097 Lycophr.
480 3014 722 3092 135.-ξῦνιιάν
742 3038 802 3097 pro
824 3009 1077 3096 EerlwuValcl.

108 3122 149 3184 od
170 3121 247 3181 Eur.
273 3118 395 3183 Phoen.
423 3144 454 3202 p.
478 3123 563 3196 πάι,
594 3121 635 3182 ad
663 3119 801 3185 Theocr.
828 3121 930 3183 Adon.
953 3144 983 3204 p.
1008 3139 1079 3196 227.

109 3235 142 3291 A.
165 3229 207 3290 ef.
230 3225 322 3287 Pind.
341 3226 378 3289 Ρ.
400 3225 453 3284 Ill.
470 3226 521 3288 85.

188 3336 279 3397 Vers.
304 3336 354 3397 16.
386 3324 499 3411 νάψιτέ
530 3328 723 3413 diphtongon
747 3355 780 3393 οιι
808 3333 882 3396 elisa
913 3340 960 3393 est
981 3331 1075 3393 etiam

109 3459 213 3515 v.27.;
228 3439 380 3504 articulus
403 3446 477 3500 ante
499 3428 599 3510 άεικὲς
620 3431 695 3510 ἔπος
712 3437 806 3498 metri
820 3438 920 3521 gratia
934 3437 1075 3499 omissus.

188 3548 277 3610 vers.
294 3569 346 3624 17:
366 3541 466 3630 γάμος
487 3537 727 3631 potueritque
748 3545 859 3622 μιλιάς
880 3540 1074 3625 appellatum

105 3649 204 3734 γάμος
225 3676 285 3737 pro
303 3655 471 3730 concubitu,
492 3661 529 3712 ut
540 3652 662 3734 meptiae
676 3649 911 3741 apudLatinos;
927 3648 967 3707 ef.
983 3646 1075 3715 Mou-

106 3759 191 3821 eker.
215 3758 255 3819 ad
276 3761 389 3828 Anton.
413 3760 483 3820 Lib.
515 3780 542 3818 c.
566 3758 607 3829 l.;
634 3756 726 3818 Pind.
752 3757 789 3819 P.
811 3757 866 3817 lx.
888 3773 955 3817 ναι
976 3750 1077 3836 γάμον

103 3863 271 3948 μιχθέντος
292 3864 469 3929 Hemsterh.
492 3863 533 3937 nd
559 3863 612 3931 Ar.
632 3863 715 3926 Plut.
737 3886 770 3948 p.
791 3882 863 3947 401.
885 3884 929 3947 sq.
