2666 4484
262 348 307 418 74
557 358 835 408 ranounnruu
864 363 934 411 ιιι.

256 544 387 597 amator.
418 553 450 614 p.
480 540 570 607 σφας
600 530 734 621 arnoldi
764 530 883 595 Histor.
913 531 1020 616 Syrac.
1052 554 1084 619 p.
1109 557 1157 602 ru
1178 561 1237 624 sq.;

260 640 371 701 Gtiler
390 638 432 698 de
455 639 506 700 sit.
528 646 562 699 et
589 639 669 721 orig.
697 638 806 722 Syrac.
834 661 866 720 p·
886 642 915 702 3.
936 660 1020 723 sqq.;
1050 642 1092 702 Ο.
1113 647 1235 711 Miiiler.

255 750 334 807 Dor.
368 746 393 805 Ι.
423 767 454 826 p.
480 747 549 809 115·
570 751 617 817 3.;
653 745 693 807 dc
723 744 909 807 Bacchiadis
938 748 1162 812 cf.Herod.V.
1189 773 1238 836 92.

254 855 282 914 A
306 851 467 935 plerisque
488 861 647 928 narratur,
674 851 762 934 quod
786 853 953 912 maximam
982 852 1136 917 historiae
1167 881 1233 941 spe-

256 961 339 1021 ciem
359 953 480 1034 habet,
491 957 652 1036 Archiam,
667 980 766 1019 unum
787 979 805 1017 e
826 957 1015 1022 Bacchiadis
1029 970 1083 1021 aut
1100 974 1190 1025 certe
1204 987 1236 1027 ex

253 1064 442 1142 Heraclidis,
452 1066 485 1125 in
494 1067 687 1127 Actaeonem
699 1063 960 1125 formosissimum
974 1065 1121 1129 iuvenem
1130 1091 1236 1132 amore

252 1152 372 1233 frustra
393 1170 581 1254 flagrantem
603 1169 773 1231 Actaeonis
798 1168 928 1230 domum
949 1182 1047 1233 noctu
1071 1175 1234 1258 irrupisse,

254 1290 393 1361 atquae
418 1277 569 1360 precibus
602 1278 663 1337 suis
686 1273 839 1357 denegata
867 1287 981 1355 essent,
1015 1278 1107 1340 allata
1136 1282 1168 1341 vi
1198 1304 1236 1344 ea

254 1394 467 1468 extorqueret,
488 1385 531 1444 oh
552 1403 685 1466 eamque
708 1392 835 1442 causam
853 1393 1012 1445 extorrem
1031 1385 1233 1467 facturusue-

253 1488 348 1551 dente
364 1489 424 1550 deo
435 1491 469 1551 in
477 1480 619 1551 Siciliam
629 1480 806 1571 confugisse
817 1498 851 1550 'et
858 1488 1026 1572 Syracusas
1046 1490 1234 1557 condidisse.

329 1586 420 1659 Vers.
442 1606 497 1660 11:
518 1612 578 1678 pro
603 1583 629 1682 ᾧ
640 1590 686 1656 te
705 1594 926 1679 primasLegr.
946 1596 1034 1659 recte
1045 1600 1189 1681 reposuit
1209 1589 1232 1686 qi

136 1696 141 1704 ¹
248 1696 320 1781 ἐλιις
351 1714 432 1762 unus
464 1700 603 1763 Brunck.
632 1686 659 1787 egi
690 1696 746 1763 ἔνι.
796 1702 929 1761 Anticus
960 1705 1116 1765 Mercurio
1143 1707 1232 1772 celeri

247 1818 337 1870 teres
353 1811 421 1884 erit,
432 1823 460 1871 et
472 1821 568 1892 nuptu
579 1807 707 1886 furioso
720 1810 826 1868 statim
843 1810 875 1867 ἱα
885 1831 951 1868 eum
960 1831 1068 1870 amore
1081 1814 1227 1894 capietur.

329 1915 427 1977 ‘Vers-
440 1928 487 1980 ια.
516 1908 736 1981 λιθόλεσστσιι
760 1912 901 1996 Heynius
923 1913 1002 1975 dicit
1021 1938 1165 1978 amorem
1185 1919 1229 1978 sic

247 2019 406 2080 nominari
438 2028 575 2102 propter
604 2029 763 2096 eventum,
795 2040 892 2101 quum
919 2040 1054 2100 puerum
1083 2021 1138 2083 ilia
1161 2045 1229 2085 saro

246 2127 423 2186 necaverit.
471 2125 535 2187 Sod
556 2125 620 2187 hoc
643 2124 836 2187 vocabulum
857 2123 956 2185 habet
976 2125 1041 2191 vim
1060 2130 1230 2209 passivam,

246 2242 279 2293 et
308 2254 399 2293 amor
418 2232 604 2316 intciiigitur
622 2242 741 2316 nuptae
766 2234 800 2294 in
821 2254 969 2316 puerum,
990 2255 1055 2293 non
1077 2235 1172 2315 pu'eri
1197 2233 1229 2293 in

247 2349 389 2422 nuptam,
408 2339 504 2416 unde,
526 2340 552 2400 si
569 2338 650 2401 illud
663 2361 776 2401 verum
791 2349 882 2417 esset,
898 2325 1029 2423 nuptam
1042 2348 1230 2422 sequeretur

247 2470 264 2506 a
285 2468 386 2529 puero
409 2457 556 2508 necatam
577 2466 653 2508 esse.
696 2445 901 2531 Significatur
917 2463 1011 2509 ‘amor
1026 2448 1139 2529 poenis
1157 2467 1228 2530 gra-

244 2552 387 2633 vissimis·
400 2552 522 2635 dignus,
543 2552 654 2636 dignus
668 2554 724 2635 qui
744 2554 822 2612 saxis
839 2550 993 2634 puniatur
1013 2552 1034 2616 i.
1051 2575 1078 2615 e.
1092 2555 1226 2614 incestas.

170 2710 174 2714 Α
247 2657 335 2733 Gai,
359 2659 450 2739 Legr.
474 2667 506 2718 et
534 2648 588 2722 Br.
614 2654 705 2739 ἔρονς
742 2657 875 2716 Cornar.
907 2666 940 2718 et
970 2658 1107 2723 Passow.
1134 2655 1227 2739 ἔρισι,

244 2771 349 2824 recte:
373 2783 446 2822 nam
466 2759 540 2847 ipos
564 2776 610 2825 est
631 2760 793 2844 antiquior
817 2761 929 2821 forma.

325 2867 415 2930 Vers.
440 2870 494 2936 13:
524 2871 617 2953 vulgo
649 2862 877 2947 καθαψαμένης
884 2892 895 2946 3
923 2864 1042 2927 Galeas
1075 2867 1166 2944 (non,
1190 2876 1225 2933 ut

243 2968 377 3035 Passow.
392 2975 478 3052 dicit,
492 2972 698 3061 Legrandius)
714 2971 894 3036 emendavit
908 2971 1127 3054 καθαψαμέιη.
1160 2975 1224 3034 Pro

245 3073 394 3142 ἀτέλεστα
414 3080 574 3161 κομίσσαι,
596 3080 683 3167 quod
703 3080 736 3139 in
757 3078 829 3143 cot
850 3089 884 3142 et
902 3076 973 3142 edd.
995 3091 1050 3156 est,
1075 3082 1225 3141 coniece-

171 3258 176 3265 ¹
244 3196 320 3247 runt
335 3186 436 3270 Heyn.
458 3189 624 3251 etiaoobs.
644 3178 799 3266 ἀθέμιστα
818 3185 975 3264 τελέσσαι,
992 3186 1163 3248 adrnodmn
1174 3185 1225 3244 in-

244 3295 371 3377 geniose
400 3294 539 3377 quidem,
566 3294 625 3358 sed
645 3294 821 3357 mutatione
843 3292 919 3356 huie
941 3294 1015 3357 ioca
1035 3292 1121 3353 nulla
1144 3311 1223 3373 opus

237 3412 305 3462 est:
325 3401 470 3485 amplexa
491 3401 575 3463 enim
589 3401 706 3464 Anthei
720 3423 824 3485 genua
839 3401 899 3485 ipsi
913 3397 1106 3484 persuadere
1124 3419 1223 3458 cona·

241 3508 341 3585 bitur,
372 3518 410 3569 ut
436 3528 487 3568 res
507 3506 685 3568 committat
706 3516 799 3591 (quae
823 3505 1000 3571 cuiusmodi
1021 3503 1083 3565 sint
1107 3525 1143 3566 ex
1164 3526 1223 3564 an·

241 3615 461 3677 tecedcntibus
476 3615 609 3696 quisque
626 3613 800 3697 intelligit),
818 3635 897 3698 quac
911 3624 1019 3673 tamen
1034 3609 1221 3671 commissae

243 3738 306 3781 non
331 3731 441 3790 erunt;
464 3721 505 3783 cf.
525 3743 555 3784 v.
579 3737 628 3793 17.
648 3722 760 3798 μελεὸν
781 3718 882 3804 γάμον
901 3719 1012 3808 ibique
1036 3725 1160 3781 aunott.
1224 3768 1229 3779 ,

321 3822 412 3887 Vers.
436 3845 488 3905 14:
510 3822 564 3888 hic
585 3846 665 3886 vers.
688 3828 721 3886 in
734 3826 809 3905 cod,
833 3835 865 3889 et
887 3824 961 3903 cdd.
985 3823 1104 3908 optime
1124 3840 1219 3881 sanus

241 3926 421 3986 ataeohsio
442 3930 682 4005 matemutatus
706 3939 768 3992 est:
839 3926 846 3939 ’
