2666 4484
433 308 709 373 assensurum
736 311 788 361 xa.

122 480 408 546 hominesBantus
418 478 449 537 in
460 477 681 561 paradiassuas
692 479 822 540 induxit.
843 478 924 542 lilale
933 481 1093 565 Schweig-

120 598 293 659 haeuserus
315 595 483 675 proposuit
503 586 676 674 πύσσονγας
695 616 713 655 a
733 588 879 676 πύσσυγξ,
909 595 994 677 quod
1014 617 1091 656 oon.

12 698 13 701 Ἴ
117 723 168 773 tra
189 719 326 770 metrum
344 717 399 771 est.
440 709 504 768 Nec
525 717 631 768 tamen
652 708 821 772 Westonns
844 707 930 768 nulla
953 698 1092 769 monstra

117 826 266 908 reliquit:
294 844 354 906 pro
376 817 525 905 χλούνην,
556 820 642 906 quod
669 823 790 883 honum
815 822 1006 884 vocabulum
1035 834 1091 901 est,

117 940 223 1025 posuit
238 937 388 1018 χλαινῶν,
414 946 446 999 et
464 959 544 998 vers.
568 960 612 1023 sq.
636 937 679 998 ita
699 938 845 999 mutavit:

268 1047 426 1115 dnioidwv
446 1048 548 1136 θύραν
568 1053 627 1114 σῦν
641 1051 865 1136 κακούαιμονύν
886 1084 926 1100 -

116 1168 202 1253 quod
221 1169 348 1229 mallem
368 1189 434 1228 non
463 1166 598 1234 fecisset.
647 1169 710 1228 Nos
740 1168 802 1228 iam
831 1167 1092 1231 antecedentibus

115 1284 227 1346 moniti
248 1304 364 1358 sumus,
387 1290 423 1341 ut
450 1290 602 1364 quantum
629 1284 699 1347 fieri
728 1286 838 1368 possit,
869 1285 989 1345 litteras
1011 1305 1091 1366 qaae

114 1402 148 1461 in
169 1407 326 1473 mssunt,
354 1395 555 1474 retineamus,
585 1406 617 1458 et
648 1399 742 1460 etiam
769 1398 801 1460 h.
826 1399 846 1460 l.
876 1421 927 1465 eas
950 1399 1089 1461 retinere

113 1513 277 1587 debemus,
287 1511 363 1571 duas
371 1520 493 1573 tautum
504 1511 633 1590 addere,
642 1536 775 1596 quarum
783 1538 846 1575 una
858 1514 919 1576 iam
927 1513 1034 1577 addita
1044 1526 1089 1576 est

111 1652 131 1689 a
142 1625 328 1709 Schweigh„
344 1647 403 1709 pro
419 1619 523 1708 ἆθῇρῃ
533 1626 650 1707 scripto
663 1622 803 1707 ἀνθηροῖς
820 1628 1024 1711 alteramipse
1034 1629 1090 1689 ad.

11 1758 12 1761 ’
112 1741 179 1804 didi
188 1743 287 1807 verbo
302 1741 432 1825 φλοΐων,
450 1752 481 1802 et
494 1764 555 1824 pro
571 1739 633 1802 liu.
645 1766 670 1802 ω
681 1743 808 1824 reposui
823 1765 859 1803 o:
879 1747 991 1832 scripsi
1006 1746 1089 1807 enim

231 1851 370 1943 φλοίονὲ
391 1850 515 1942 ἀνθηρῇ
535 1858 593 1919 σῦν
612 1855 837 1942 κοκούαιμονιῂ
856 1894 898 1908 --

108 1971 213 2057 plotio
234 1981 266 2034 et
286 1967 378 2056 φλύω
399 1972 533 2034 eandem
556 1973 712 2057 originem
724 1972 854 2052 liabent,
878 1975 1010 2037 eandem
1026 1976 1087 2059 sig-

109 2091 344 2154 nificationem:
365 2092 405 2151 ci.
420 2114 452 2176 p.
465 2110 514 2168 27.
543 2093 712 2154 Notionem
730 2092 820 2154 verbi
836 2086 985 2174 χλούνης,
1005 2114 1086 2174 quae

106 2206 182 2268 huic
204 2206 276 2267 loeo
290 2190 478 2281 'conveniat
512 2227 576 2266 non
598 2207 670 2291 satis
693 2207 822 2288 quidem
841 2209 934 2289 potui
957 2207 1084 2289 expedi-

106 2341 142 2382 re
156 2318 226 2394 ³²);
249 2328 386 2378 attamen
411 2317 538 2379 videtur
559 2318 656 2379 homo
677 2318 811 2400 intelligi
827 2320 954 2379 infimae
968 2319 1084 2394 classis,

104 2435 239 2493 fortasse
261 2442 426 2514 grassator,
448 2441 503 2492 aut
523 2412 676 2515 garrulus,
698 2442 752 2500 aut
767 2422 919 2492 castratus
940 2431 1083 2514 quidam3

105 2545 141 2610 id
164 2567 241 2610 vero
263 2555 386 2607 certum
409 2556 456 2607 est
477 2545 697 2636 gradationem
713 2545 849 2630 aliquam
870 2545 970 2608 inesse
990 2567 1084 2606 voca-

95 2634 186 2727 'botis
211 2657 413 2744 πισσύγγους,
443 2659 552 2745 φῶρας
579 2654 723 2738 ἆναίδὲας
751 2646 795 2723 οῖ’
806 2656 955 2741 χλούνην,
983 2661 1026 2721 itu
1049 2670 1082 2720 ut

104 2778 205 2844 altero
219 2779 300 2840 alter
313 2779 449 2842 inferior
462 2780 510 2840 sit
519 2812 561 2831 υ-
570 2776 693 2863 φλοίειν
707 2777 757 2839 vel
772 2773 883 2860 φλύειν
897 2786 943 2838 ost
959 2779 1081 2858 origani,

102 2888 240 2973 ἀνθηρὸς
260 2904 306 2956 est
325 2896 446 2970 viridis,
465 2896 599 2971 uiuidus,
619 2895 737 2971 ludaris,
758 2915 910 2970 anzoeuus,
927 2894 1081 2968 iucundus,

102 3017 198 3090 atque
221 2999 343 3088 ἆνθηρὴ
365 3007 586 3089 κακοδαιμονίῃ
606 3018 654 3071 est
675 3011 813 3071 amentia
837 3007 1080 3092 quaedamque

101 3126 242 3209 legentes
263 3119 314 3182 vel
335 3131 511 3204 spectantes
528 3123 744 3194 delectantem
766 3126 862 3185 totius
885 3124 947 3184 loci
967 3144 1076 3185 sensus

102 3240 155 3301 hio
177 3248 238 3301 est:
259 3238 380 3320 scripsit
397 3257 472 3297 uero
491 3239 621 3298 Boeotus
640 3239 685 3296 vei
703 3238 861 3320 descripsit
881 3253 1006 3314 sutores,
1023 3249 1079 3297 aut
1147 3256 1150 3268 ·

92 3354 186 3433 fieres
210 3352 408 3438 impudentes,
440 3364 496 3413 aut
524 3351 686 3433 garrulum
715 3352 867 3433 quendam
894 3354 993 3415 silari
1011 3372 1077 3411 cum

103 3471 237 3529 amentia
257 3482 429 3551 uagantem.
471 3465 659 3528 Huiusmodi
683 3476 865 3549 argumenta
880 3469 1077 3545 fueruntpa-

105 3562 268 3643 rodiarum
285 3582 410 3661 Boeoti,
441 3595 473 3645 et
493 3605 530 3645 ea
552 3580 679 3666 quidem
702 3582 904 3666 Syracusanis
926 3579 1075 3641 iucunda.

139 3754 189 3824 ⁸5)
205 3755 247 3806 De
273 3754 468 3825 significatione
491 3755 573 3816 huius
611 3756 687 3810 vocis
727 3753 885 3809 deotissime
922 3753 1074 3826 disputavit

204 3847 375 3906 Heinricltius
395 3850 430 3902 ad
448 3852 513 3904 Hes.
531 3848 609 3911 δοιοί,
628 3850 686 3905 168.
