2666 4484
1045 300 1088 369 17

126 492 181 545 aut
209 450 357 543 librarius
388 476 498 560 aliquis
528 478 614 562 apud
643 474 773 542 Suidem
801 480 974 563 scripturae
1002 502 1090 545 com-

124 596 243 681 pendio
264 614 330 655 nou
352 592 527 672 intellecto,
559 593 691 655 fortasse
707 586 810 670 Ἆλὲξ.
836 594 1000 677 scriptum,
1020 619 1094 661 con-

124 712 223 795 rupit.
264 709 435 790 Utcunque
455 728 506 769 res
525 709 597 786 erit,
615 706 680 768 hoc
699 707 773 769 loco
793 731 856 771 nou
877 719 944 771 tam
963 721 1096 794 propter

116 824 259 890 ,Suidsm
295 824 429 886 Zenobii
467 823 582 900 verba,
623 844 719 907 quam
756 835 888 907 propter
919 824 1098 887 Zenohium
1166 817 1173 832 ⁸

128 940 246 1003 Saidae
268 937 419 1001 mutanda
440 936 597 999 videntur.
641 938 781 999 Andreas
804 938 949 1000 Schottus
963 938 1099 1001 Zenobii

127 1056 224 1116 verba
243 1055 277 1114 in
297 1054 431 1115 latinum
450 1053 629 1115 sermonem
650 1053 695 1114 ita
709 1053 883 1130 convertit,
891 1054 978 1136 quasi
986 1054 1098 1115 Aristi-

129 1169 183 1233 dcs
204 1170 256 1237 ah,
274 1167 451 1231 Alexandro
482 1167 614 1252 exempli
632 1168 734 1250 gratia
759 1176 1022 1231 commemoratus
1044 1168 1097 1228 sit:

128 1283 228 1346 verba
258 1282 343 1345 enisu
370 1273 646 1371 'Aptorst'dqcptiv
673 1272 730 1344 οὖν
757 1279 864 1365 φησίν,
896 1274 945 1342 ὅτι
972 1303 1000 1344 κ.
1020 1303 1048 1344 τ.
1069 1284 1099 1344 λ.

129 1398 173 1460 sic
196 1397 420 1478 interpretatus
445 1405 506 1457 est:
542 1396 712 1457 Aristidem
737 1399 785 1457 ait
813 1397 948 1459 consulto
976 1397 1101 1459 oracul>

93 1522 96 1529 “
128 1512 277 1594 Delphico
321 1509 511 1589 obsignatum
546 1511 706 1592 ‚accepisse
759 1520 819 1573 eto.
897 1510 1099 1575 Vocabulum

132 1621 230 1710 φησὶν
257 1623 366 1687 retulit
393 1622 434 1685 ad
465 1621 686 1700 Alexandrum,
716 1623 920 1687 referendum
947 1646 1025 1687 vero
1054 1634 1100 1687 est

132 1738 174 1800 ad
187 1736 373 1799 Aristidem:
394 1732 524 1797 Aristidi
535 1734 617 1795 infra
633 1735 770 1816 oppositi
783 1744 856 1797 sunt
872 1726 983 1815 ἄλλοις
1002 1736 1101 1798 verba

131 1861 204 1913 sunt
224 1849 368 1913 Aristidis
382 1851 443 1929 ¹⁸),
465 1870 528 1909 non
550 1846 734 1937 Alexandri:
756 1848 782 1908 si
802 1846 968 1909 Alexandri
985 1858 1100 1928 essent,

128 1965 319 2027 haberemus
350 1975 473 2027 certum
495 1963 650 2026 indicium
674 1964 750 2036 τούς
769 1958 921 2037 αἰπόλους
943 1985 1008 2026 non
1028 1964 1103 2025 dra-

128 2082 281 2142 maticum
303 2100 431 2143 carmen
451 2078 566 2142 fnisset
595 2076 771 2141 Alexander
797 2079 1003 2161 proverbium
1023 2078 1104 2140 illud

128 2193 161 2257 in
182 2193 349 2281 comoedia
367 2202 455 2254 certe
471 2213 536 2256 non
552 2192 710 2275 explicuit,
728 2192 784 2255 sed
805 2192 869 2255 eius
883 2203 1007 2256 tantum
1023 2194 1102 2254 fecit

131 2310 336 2375 mentionem.
378 2310 430 2368 De
457 2308 629 2389 proverbio
652 2309 720 2389 ipso
747 2306 832 2366 conf.
860 2307 1033 2367 Kasterum
1062 2305 1102 2364 ad

84 2476 89 2485 .
130 2422 260 2484 Suidam
291 2431 323 2483 et
348 2421 437 2482 Petri
466 2420 595 2481 Pantini
629 2418 849 2479 annotationes
878 2418 918 2477 ud
946 2417 1102 2499 Apostolii

131 2536 222 2599 Ceut.
243 2536 357 2598 XVllI.
379 2556 469 2618 prov.
491 2551 546 2596 so:
583 2532 630 2594 Τὰ
656 2528 736 2613 Τρία
757 2530 799 2602 εἷς
818 2528 874 2589 τὸν
892 2524 1054 2590 θάνατον.-

210 2650 362 2734 Sequitur
392 2648 503 2731 Tt'ywv,
536 2648 622 2731 quod
643 2667 772 2709 carmen
799 2654 907 2706 utrum
938 2642 1102 2704 comoedia

112 2761 229 2829 'fuerit
250 2788 289 2829 an
312 2764 487 2849 tragoedia,
521 2763 650 2825 omnino
679 2783 744 2823 non
776 2760 885 2843 liquet,
907 2759 1040 2820 fortasse
1060 2781 1103 2820 ne

132 2880 239 2945 fahnla
259 2879 403 2962 quidem:
424 2878 503 2940 nihil
527 2878 612 2943 euim
633 2897 669 2938 ex
691 2897 730 2937 eo
751 2885 909 2937 servatum
924 2884 981 2952 est,
996 2895 1100 2958 neque

133 3013 249 3057 nomen
279 2993 382 3073 ipsum
416 2991 628 3074 cognovimus.
684 2990 720 3050 ld
754 2989 883 3074 quidem
916 2990 1033 3072 partim
1065 3011 1101 3050 er

133 3104 274 3179 nomine,
300 3103 416 3186 partim
446 3126 481 3165 ex
508 3104 598 3165 nuda*
616 3103 751 3165 nominis
775 3105 813 3166 ab
834 3103 998 3165 Athenaeo
1016 3104 1100 3163 facta

133 3218 300 3283 mentione
346 3215 423 3278 mihi
460 3216 572 3278 videor
612 3218 773 3280 coniicere
807 3241 898 3301 posse
933 3240 1031 3279 unum
1066 3237 1102 3293 ex

129 3403 371 3423 u—n-——u-fl

173 3521 222 3590 Η)
241 3521 317 3576 con.
345 3484 446 3572 titan.
474 3515 523 3569 na
552 3515 631 3571 xlv.
660 3533 689 3586 p.
708 3515 767 3570 on.
797 3533 827 3572 a:
860 3518 898 3576 a
916 3509 1100 3583 somme„

235 3624 326 3691 φησὶν
348 3623 380 3676 ἐν
407 3623 491 3689 τρίτῳ
518 3623 587 3689 περὶ
611 3620 789 3707 nummatis.
834 3616 908 3687 ¹Quis
931 3632 995 3668 vero
1019 3613 1100 3668 fuerit

236 3718 281 3774 hic
299 3720 442 3790 Aristides,
462 3740 511 3792 ego
530 3722 642 3791 ignoro:
659 3722 773 3773 fortasse
788 3719 914 3772 Milesius
932 3717 1098 3788 intelligitur,

238 3820 283 3895 qui
299 3820 426 3876 historias
445 3823 563 3897 scripsit.

879 3927 901 3992 3
