2666 4484
247 285 296 369 65
557 292 835 347 rusoumrnu
860 293 919 346 xr.

246 475 298 537 De
318 466 524 555 parodiarum
545 469 649 552 poetis
670 467 714 530 cf·
729 465 842 531 Athen.
852 466 922 531 XV.
940 488 973 553 Ρ.
985 470 1057 551 698.
1072 489 1101 530 a.
1112 474 1227 556 p.699.

248 600 293 653 c.;
315 576 420 640 DauI).
440 585 472 637 et
493 575 603 637 creua.
624 574 717 637 stud.
737 574 809 638 Vol.
826 574 880 638 Vl.
902 575 1134 658 [λαόν-330.

329 685 420 747 Vers.
433 704 468 763 9:
487 682 584 744 verba
604 677 659 744 καὶ
679 677 760 762 ἔχων
778 676 873 763 χάριν
888 689 958 741 tum
969 690 1145 761 structura,
1158 692 1229 747 tum

250 814 343 856 sensu
370 787 539 853 referenda
569 795 642 850 sunt
668 787 710 849 ad
731 786 786 849 illa
812 777 847 850 ed
867 782 993 870 ἔγραφε,
1015 798 1047 850 et
1067 789 1225 874 particula

249 896 304 962 καὶ
321 894 560 980 interpretanda
580 896 674 955 etiam
698 893 750 955 vel
776 914 900 979 quoque.
914 927 955 943 ·-
976 895 1010 955 ln
1032 916 1088 955 ms.
1110 895 1228 980 legitur

251 1000 295 1079 ὧς
310 1002 531 1081 δὲΒοιωτοῢςς
552 1009 640 1066 recte
663 998 837 1085 Schweigh.
851 1020 923 1061 cum
940 1000 1060 1062 Iacobs.
1079 995 1115 1076 ὃς
1136 1001 1183 1080 δὲ,
1195 1011 1226 1064 et

250 1108 397 1175 Βοιωτοῦ
404 1129 477 1169 cum
485 1104 850 1169 eodemetcumCasaub.
860 1105 1081 1190 corrigendum
1091 1110 1227 1190 putavit.

330 1216 421 1278 vers.
435 1233 488 1277 10:
507 1214 607 1275 verba
625 1204 663 1274 οὐ
677 1204 710 1274 δ’
728 1204 836 1294 ὀλίγον
852 1214 998 1275 Weston.
1006 1223 1037 1275 et
1050 1211 1228 1298 Schweigh-

252 1324 382 1386 omnino
400 1340 572 1405 perperam
587 1318 788 1402 interpretati
805 1328 887 1396 sunt,
901 1320 989 1381 haud
997 1340 1120 1405 parum,
1132 1322 1226 1383 immo

252 1428 455 1491 modoetiam
473 1427 582 1507 magis,
599 1445 734 1508 quorum
757 1426 849 1508 prior
866 1424 947 1487 adeo
964 1449 983 1487 a
1004 1448 1082 1488 vero
1096 1427 1227 1490 aberra-
1288 1482 1294 1497 ,

248 1534 305 1613 sit,
333 1542 370 1594 ut
383 1533 570 1617 opinaretur
587 1550 715 1592 carmen
736 1540 880 1594 nostrum
895 1532 1028 1616 elegiam
1049 1554 1115 1596 esse
1128 1533 1161 1594 in
1178 1536 1228 1617 ip-

250 1662 320 1702 sum
327 1640 506 1725 Euboeum.
525 1638 670 1721 Uterque
688 1640 787 1722 igitur
801 1639 920 1717 statuit,
927 1639 1094 1701 Euboeam
1107 1641 1148 1701 ab
1155 1640 1231 1702 Ate..

252 1744 684 1831 sandropraeferriBoeoto.
706 1744 786 1805 lllud
797 1766 875 1806 vero
892 1767 952 1829 per
964 1767 997 1807 se
1012 1746 1074 1808 iam
1084 1747 1229 1830 ineptum

176 1902 178 1907 .
251 1864 333 1916 esset
347 1851 557 1924 contendere,
579 1852 606 1912 si
628 1853 698 1932 quis
719 1873 818 1913 unum
837 1863 965 1937 poetam
982 1851 1149 1931 audiverit,
1168 1852 1228 1938 ipsi

250 1960 445 2047 placiturum
459 1977 524 2017 esse
540 1955 636 2016 aliurn
652 1956 707 2018 illo
721 1958 828 2041 paullo
841 1958 1022 2021 meliorem:
1038 1970 1155 2042 poetae
1169 1982 1227 2030 no·
1320 1954 1321 1957 ¹

250 2068 300 2129 lris
318 2073 373 2127 aut
391 2062 519 2146 placent
538 2070 593 2124 aut
614 2060 793 2147 displicent,
817 2064 937 2126 etiamsi
960 2063 1038 2127 alios
1059 2064 1227 2129 inferiores
1320 2074 1321 2077 ’

251 2193 316 2234 non
332 2168 555 2245 audiverimus,
577 2176 609 2230 et
626 2169 680 2252 qui
699 2191 759 2254 per
779 2191 812 2232 sc
827 2168 1006 2253 displicent,
1020 2169 1043 2233 ii
1059 2170 1155 2233 etiam
1171 2193 1229 2232 au-

253 2277 326 2341 ditis
341 2277 408 2338 aliis
430 2275 637 2338 inferioribus
660 2297 725 2338 non
742 2276 926 2361 placebunt.
955 2276 1011 2338 Sin
1029 2298 1105 2339 vero
1126 2278 1228 2339 bonos
1319 2278 1320 2283 ’

249 2394 360 2470 poetas
375 2382 600 2461 audiverimus,
613 2382 739 2467 peiores
752 2382 883 2446 minime
900 2383 991 2445 nobis
1000 2383 1183 2466 placebunt,
1197 2393 1227 2446 et

248 2488 329 2554 haec
345 2499 392 2554 est
405 2492 472 2575 ipsa
492 2491 593 2553 nostri
609 2490 673 2553 loci
690 2489 863 2552 sententia:
895 2481 968 2553 οὐδ’
987 2483 1095 2574 dlt‘yov
1122 2501 1169 2553 est
1192 2513 1226 2552 ue

246 2621 360 2685 parum
380 2597 512 2683 quidem,
542 2595 629 2681 quod
650 2595 766 2658 horum
785 2595 958 2659 verborum
983 2596 1152 2659 collocatio
1167 2597 1229 2659 iam
1318 2580 1319 2589 ἵ

250 2703 323 2764 satis
345 2702 500 2763 declarat:
521 2703 562 2765 cf.
572 2703 630 2786 frg.
640 2703 695 2762 Vl.
712 2720 740 2765 2.
755 2702 825 2762 ΧΠ.
838 2718 868 2774 7.
892 2702 1004 2783 Siquis
1016 2704 1160 2767 Boeotum
1171 2725 1230 2764 ou·

250 2809 373 2884 disserit,
392 2809 439 2868 tic
452 2808 572 2871 Euboeo
586 2831 622 2869 ne
634 2828 750 2891 parum
763 2806 883 2891 qrcidem
901 2807 947 2866 vel
959 2808 1079 2867 mimine
1094 2808 1229 2870 delecta·

250 2915 342 2974 bitur.
376 2914 426 2975 De
439 2914 561 2976 Boeoto
584 2924 615 2976 et
626 2912 766 2975 'Euboeo
790 2910 997 2995 parodiarum
1019 2915 1227 2999 scriptoribus
1316 2940 1317 2953 v

251 3020 292 3081 cf.
305 3019 418 3081 Athen.
428 3021 500 3082 XV.
514 3044 546 3104 p.
561 3024 632 3101 698.
645 3020 689 3095 lu,
699 3021 804 3081 Daub.
820 3028 852 3082 et
866 3019 978 3081 Creus.
996 3018 1085 3082 Stud.
1100 3022 1164 3082 Vol
1174 3023 1225 3084 Vl.

250 3148 284 3211 Ρ.
298 3130 367 3190 301.
389 3126 566 3189 Alexander
581 3127 738 3189 Boeotum
760 3125 855 3212 longe
877 3125 965 3189 duxit
983 3127 1228 3211 praeferendum
1299 3154 1307 3173 ·

250 3233 406 3297 Euboea:
430 3254 469 3295 an
488 3254 615 3296 revera
633 3233 694 3317 ipsi
708 3231 938 3319 praeferendus
951 3233 1059 3311 fuerit,
1081 3233 1229 3317 equidem

251 3362 317 3407 non
330 3339 582 3404 diiudicaverim.
604 3338 783 3403 Athenaeus
792 3341 916 3425 (pr
927 3342 997 3423 699.
1006 3342 1049 3420 a.)
1061 3340 1228 3407 Euboeam

250 3455 388 3512 testatur
401 3448 500 3513 multa
514 3450 547 3511 in
566 3446 760 3511 carminibus
771 3456 860 3531 grata
874 3446 993 3524 dixisse,
1008 3454 1040 3506 et
1053 3444 1178 3528 (ptos.
1187 3449 1225 3524 a.)

249 3579 325 3620 eum
346 3555 431 3619 inter
453 3555 660 3639 parodiarum
688 3555 860 3637 scriptores
882 3549 1112 3617 nobilissimum
1134 3553 1227 3617 fuisse

251 3673 355 3726 aetate
368 3662 519 3748 Philippi.
542 3663 690 3724 Fortasse
705 3660 801 3722 etiam
811 3658 939 3721 Aetolus
954 3657 1014 3741 ipsi
1025 3658 1145 3744 aliquid
1158 3660 1226 3721 lau-

251 3767 297 3827 dis
321 3791 359 3831 eo
379 3769 503 3845 tribuit,
522 3765 610 3849 quod
627 3766 784 3828 Boeotum
798 3777 863 3828 tam
884 3764 965 3831 dicit
982 3766 1103 3830 clarum
1119 3765 1223 3841 fuisse,

251 3880 286 3932 ut
303 3871 396 3954 louge
416 3872 611 3956 superaverit
626 3873 729 3953 ipsum
743 3871 920 3934 Euboeam.
1020 3936 1031 3965 χ
