2666 4484
511 287 674 340 aru-rara
698 289 757 347 a„
939 268 969 349 '⁷
1066 282 1111 358 13

223 456 393 527 Alexandri
421 455 532 519 Aetoli.
556 460 646 523 varia
671 459 798 541 scripta.
835 478 971 540 qaorum
994 458 1114 542 partim

143 576 297 643 nonnulla
332 574 519 661 fragmenta,
552 574 672 657 partim
706 573 833 633 uomina
868 583 995 635 tantum
1019 575 1112 636 nohis

140 697 381 765 servata-suat,
412 688 530 772 partim
566 689 664 751 etiam
697 696 845 749 neutram
877 685 1018 771 quidem,
1058 690 1115 750 scd

141 806 248 869 solum
276 803 427 865 indicium
455 801 487 864 iu
519 804 650 875 nomine
679 801 739 885 ipsi
768 810 883 885 poetae
913 800 1049 877 tributo,
1077 803 1111 865 ia

4 898 9 907 ι
56 940 63 951 ·
143 920 232 980 hunc
251 917 329 981 mihi
351 918 417 978 risa
439 926 514 981 sunt
535 917 682 980 ordinem
711 915 899 1001 redigendas
935 919 972 979 A.
997 919 1113 979 Gram-
1153 975 1154 979 ,

143 1034 260 1097 metica
278 1065 320 1083 -
348 1033 384 1093 B.
411 1034 564 1095 Dramata
583 1063 625 1081 ·-
653 1032 689 1095 C.
718 1029 920 1116 anapaestici
945 1052 1052 1095 versus
1071 1064 1113 1079 -

143 1149 183 1210 D.
212 1147 364 1234 Phlyaoes
384 1179 428 1195 ·-
459 1146 499 1209 Ε.
526 1146 762 1232 Epigrammata
780 1178 824 1193 -·-
849 1146 886 1209 F.
907 1144 1056 1229 Elegiaoa
1073 1173 1114 1194 ···

145 1266 183 1327 G.
206 1264 311 1348 Epioe
328 1293 371 1311 ··
393 1262 433 1348 Η.
452 1262 674 1344 Astrooomica
696 1296 732 1312 -
754 1262 778 1324 1.
801 1259 951 1323 Historia.

317 1611 378 1686 .e
430 1550 974 1687 oaauuarrca.

223 1801 270 1867 Ex
295 1799 412 1874 Suidae
442 1811 537 1889 atque
566 1798 732 1863 Eudooiac
762 1799 803 1862 de
830 1796 1007 1871 Alexandro
1034 1798 1113 1862 locis

143 1915 277 1980 laudatis
298 1927 432 2002 apparet
448 1917 658 2004 praecipuum
682 1915 742 2002 ipsi
762 1937 879 1978 nomen
893 1914 988 1976 fuisse
1000 1915 1114 1994 Gram-

64 2076 72 2085 ·
142 2032 261 2115 matici,
285 2034 402 2120 quippe
423 2032 511 2120 quod
530 2034 570 2095 ab
599 2033 636 2094 iis
659 2033 747 2102 velut
767 2028 952 2117 cognomen'
967 2038 1113 2108 constans

142 2149 254 2212 Aetolo
282 2149 430 2226 addatur,
464 2148 603 2234 quamvis
637 2169 710 2209 cum
732 2147 948 2208 Grammatico
977 2166 1113 2207 revera

142 2262 302 2346 scripsisse
333 2263 453 2324 nullum
480 2285 613 2346 usquam
637 2262 855 2324 testimonium
881 2252 1037 2336 traditum
1063 2259 1115 2325 sit.

141 2377 301 2461 Equidem
322 2376 460 2439 existimo
492 2374 572 2436 illud
597 2396 715 2436 nomeu
736 2374 848 2438 Aetolo
868 2374 1027 2434 tributum
1047 2393 1113 2434 esse

142 2489 270 2554 nonnisi
303 2498 477 2573 propterea
513 2478 601 2573 quod
631 2486 771 2572 magistri
799 2486 922 2571 publici
947 2483 1114 2570 provincia

141 2605 268 2669 iunctus
290 2603 323 2667 iu
344 2602 452 2666 schola
465 2613 534 2665 tum
546 2600 667 2666 litteras
682 2601 839 2680 docuerit,
856 2609 925 2663 tum
941 2599 1112 2685 scriptores

141 2729 264 2783 veteres
294 2727 523 2782 commentatus
558 2718 599 2782 sit
637 2727 733 2802 atque
764 2717 1001 2802 interpretatus,
1031 2715 1115 2780 sicut

140 2845 270 2920 praeter
299 2835 376 2896 alios
404 2835 499 2898 etiam
528 2834 738 2896 Callimachus
760 2833 976 2896 Hermocratis
998 2833 1113 2894 Gram-

140 2948 249 3021 matici
271 2947 440 3032 discipulus
469 2951 682 3033 γραμματικὸς
703 2972 722 3012 a
743 2972 876 3013 munere
898 2948 1035 3011 docendi
1057 2949 1112 3011 lit-

139 3072 225 3126 teras
246 3062 419 3145 appellatus
443 3067 567 3143 astru)
607 3036 715 3127 Nullus
734 3075 840 3130 tamen
851 3064 962 3128 dubito
977 3064 1112 3127 Alexan-

141 3177 193 3241 dri
226 3176 468 3238 commentarios
506 3175 664 3262 discipulis
695 3180 728 3241 iu
762 3180 870 3242 schola
906 3180 1040 3242 traditos
1076 3181 1110 3240 in
1198 3188 1201 3196 '

43 3332 45 3339 ·
141 3278 259 3383 'scripta
291 3291 357 3355 eius
387 3293 520 3370 referre,
552 3292 703 3377 quoniam
737 3295 805 3357 veri
839 3266 1032 3359 simillimum
1064 3302 1111 3356 est

142 3429 196 3472 eos
217 3410 314 3474 ctiam
336 3407 469 3493 scriptos
489 3408 618 3492 publice
640 3406 741 3471 editos
762 3431 838 3474 esse.
895 3480 897 3485 ,

178 3704 227 3774 ¹2)
244 3703 343 3761 suidas
359 3709 389 3762 iu
405 3711 460 3763 rita
484 3704 665 3766 Callimachis
703 3710 881 3784 „ypsippew
906 3702 1061 3765 &dictord
1075 3713 1108 3769 ἐν

241 3807 388 3876 Ἐλευσῖνι,
407 3810 563 3883 superlata>
585 3815 636 3880 {it
651 3809 887 3883 uhtardpetuffl
