2666 4484
6 6 90 391 ἶ

514 340 678 390 urrann
702 341 744 387 u.
1071 327 1118 396 33

226 515 349 578 Fabula
362 509 576 572 Rhinthonica
596 509 681 570 inter
698 504 978 573 varia‘fabuiarum
1000 535 1118 595 genera

144 637 417 691 commemoratur
440 626 473 686 in
492 626 611 686 Donati
632 623 810 708 fragmento
830 625 869 687 de
885 627 1063 709 Tragoedia
1083 638 1116 690 et

140 742 357 805 Comoediaet
366 742 400 802 in
413 741 554 804 eiusdem
562 741 798 804 Commentario
816 743 856 805 ad
867 742 1012 805 Terentii
1021 743 1119 805 Adel-

140 860 227 942 phos
238 858 323 919 Prol.
343 881 373 919 v.
384 874 413 933 7.
448 855 554 943 Lydus
572 857 611 919 de
624 858 799 941 Magistrat.
812 859 903 920 Rom.
919 859 974 922 lib.
984 860 1005 919 1.
1027 862 1057 940 ς,
1069 879 1118 938 40.

141 972 392 1036 Rhinthonicam
427 975 460 1035 in
494 981 617 1056 septem
646 970 842 1035 Comoedias
874 994 991 1057 genera
1020 974 1120 1036 refert

146 1108 280 1171 eamque
302 1087 450 1167 ἐξωτικῆν
470 1087 618 1169 appellat.
661 1087 825 1149 Gisbertus
856 1086 999 1170 Cuperus
1032 1088 1120 1165 (Ob-

145 1211 274 1264 servatt.
300 1201 367 1262 1.1.
400 1222 429 1263 c.
453 1204 521 1278 10.)
554 1204 732 1281 Rhintbcms
759 1202 1034 1283 Hiletragoediam
1060 1202 1119 1261 sive

145 1317 451 1396 Phlyacograpbiam
478 1313 555 1376 dicit
579 1339 671 1401 neque
703 1331 864 1377 cantatam
887 1317 959 1376 olim
980 1329 1036 1375 aut
1053 1315 1119 1375 sal-

145 1444 259 1506 tatam,
297 1429 407 1489 nedum
435 1441 540 1490 actam
560 1431 673 1510 fuisse,
702 1453 794 1515 neque
822 1430 900 1493 odeo
932 1432 1053 1491 ommbo
1086 1431 1118 1490 in

143 1548 337 1606 Dramatum
355 1564 478 1605 numero
498 1545 682 1620 habendam,
701 1545 758 1606 sed
776 1545 920 1607 accedere
941 1546 988 1606 ad
1008 1545 1119 1606 Gallo-

141 1682 214 1721 rum
239 1658 520 1739 Versburlesques,
547 1661 610 1717 sive
638 1657 753 1718 Italica
780 1678 854 1720 voce
885 1661 986 1719 dicere
1017 1660 1116 1735 malis,

142 1775 394 1848 Travestimenta,
421 1771 507 1831 nulla
534 1771 666 1833 fortasse
694 1770 755 1833 alia
796 1793 890 1831 cansa
927 1783 1114 1849 commotus,

138 1889 200 1950 nisi
223 1887 308 1971 quod
330 1887 433 1971 Lydus
458 1887 478 1946 l.
506 1887 527 1946 l.
568 1886 597 1969 ᾗ.
619 1907 667 1966 41.
695 1885 912 1948 Rhintbonem
941 1882 1019 1948 dicit
1045 1889 1113 1970 pri-

138 2026 229 2065 mum
259 2002 445 2064 hexametris
475 2002 617 2064 versibus
652 2001 854 2064 comoediam
885 2001 1114 2087 scripsissess).

138 2120 258 2179 Contra
282 2118 443 2201 Cuperum
469 2119 609 2201 primum
640 2127 713 2179 sunt
745 2117 863 2180 Suidae
896 2120 995 2182 verba
1016 2117 1112 2180 modo

137 2233 279 2303 laudata3
303 2233 418 2294 deinde
437 2233 631 2294 Reuvensius
653 2232 687 2291 in
711 2233 1113 2295 CollectaneisLitterariis
1178 2248 1181 2255 ’

134 2370 168 2432 p.
191 2314 330 2428 dossqq.
353 2368 468 2428 magna
495 2366 568 2405 cum
588 2345 814 2426 probabilitate
841 2345 966 2427 Lydum
991 2365 1111 2405 errasse

136 2462 252 2523 docuit
273 2460 327 2519 illa
349 2461 519 2537 dicentem,
549 2458 765 2520 Rhinthonem
786 2459 930 2519 dramata
951 2457 1112 2539 scripsisse
1165 2512 1175 2533 ,

132 2575 244 2638 metris
269 2561 461 2638 dramaticis.
509 2573 630 2633 Contra
660 2571 746 2633 illam
774 2571 893 2654 Cuperi
922 2572 1112 2679 sententiam

137 2692 306 2775 disputavit
327 2693 422 2753 etiam
442 2688 674 2751 Fichstaedtius
703 2688 742 2750 de
771 2691 923 2750 Dramate
956 2688 1109 2751 Graccor.

136 2807 430 2891 Comico-Satyrico
456 2829 488 2889 p.
509 2810 558 2885 43.
583 2827 649 2889 sqq.
690 2806 741 2866 De
765 2804 873 2866 fabula
894 2802 1109 2865 Rhintbonica

136 2923 223 2983 conf.
254 2921 382 2982 Vossius
413 2923 514 2983 Instit.
545 2921 635 2984 Poet.
668 2921 690 2983 l.
714 2922 753 2983 ΙΙ.
783 2941 811 2980 c.
834 2939 888 2992 213
918 2922 1036 3005 Grysar
1068 2919 1108 2980 de

131 3035 282 3100 Doriens.
316 3035 466 3096 Comoed.
499 3037 590 3095 Tom.
621 3036 645 3094 1.
678 3058 711 3118 p.
740 3040 788 3099 53.
817 3057 883 3120 sqq.
940 3033 1105 3096 Rhintbon

134 3154 314 3215 dramatum
335 3169 417 3231 quae
438 3149 563 3230 scripsit
591 3170 656 3209 non
686 3170 767 3210 nova
798 3152 858 3212 sibi
881 3159 1033 3213 sumserat
1054 3171 1106 3210 ar·
1142 3135 1149 3147 ⁴

133 3271 295 3352 gramenta,
317 3262 372 3324 sed
394 3261 530 3321 aliorum
551 3261 729 3344 tragoedias
749 3262 782 3322 in
802 3263 974 3327 ridiculum
995 3263 1115 3327 detor·-

134 3387 178 3445 sit
199 3392 231 3444 et
251 3384 284 3443 in
315 3376 496 3442 comoedias
521 3379 609 3461 qnasi
639 3377 806 3454 convertit,
836 3402 916 3463 quae
943 3381 987 3440 ita
1015 3396 1104 3437 com-

133 3506 266 3585 paratae
300 3489 559 3580 iiaporpayrpdt'as
598 3489 853 3554 nominabantur.
913 3496 964 3555 De
994 3491 1103 3552 metris

123 3638 374 3667 ...ψ-..ι-

171 3753 221 3822 2⁷)
240 3782 273 3796 -
299 3750 350 3809 τᾶν
371 3732 534 3820 ὶῐιΡίνθώνοε,
575 3751 606 3814 ὅς
645 3750 811 3826 ἑξαμέτροις
848 3755 956 3825 ἔγραψε
990 3750 1101 3821 πρῶτος

235 3854 409 3926 Κωμῳδίαν.

881 3973 902 4037 b
