2666 4484
499 339 659 388 armna
685 340 721 390 a.
1048 328 1097 401 39
1161 340 1172 349 ·

62 532 68 541 ·
126 536 269 599 gramma
280 511 410 574 videtur
424 507 622 592 epitaphium
631 508 726 570 fuisse
741 509 855 570 Boeoti
872 509 912 570 ab
921 512 1095 594 Agathocle

125 627 290 715 Syracusis
314 624 420 709 patric
435 622 555 707 oppido
568 623 686 705 expulsi
711 633 743 685 et
758 626 890 686 fortasse
905 627 938 686 in
953 629 1094 712 Aegypto

124 744 253 831 sepulti.
292 742 387 805 Dices
400 742 547 818 fortasse,'
560 762 663 825 neque
680 741 806 803 initium
822 764 951 806 carmen
965 741 1096 823 hahere,

124 883 189 924 nec
211 861 318 936 finem,
339 879 415 941 ergo
436 857 597 940 integrum
617 856 809 945 epigramma
832 880 896 920 non
919 880 996 923 esse.
1032 859 1097 920 lni-

121 958 208 1041 tium
230 974 360 1059 quidem
381 972 469 1034 facili
492 973 680 1034 coniectura
700 971 780 1034 mihi
796 971 909 1034 videor
938 974 1098 1058 integrum

122 1091 312 1161 restituisse3
341 1091 439 1150 exitus
467 1102 543 1148 vero
574 1088 792 1170 epigrammati
829 1090 1006 1172 aptissimus
1033 1101 1097 1153 esta

123 1226 189 1266 non
212 1205 297 1265 enim
317 1213 453 1287 propter
479 1203 604 1264 Euboei
631 1205 829 1267 mentionem
856 1205 963 1266 obiter
994 1215 1030 1267 ut
1050 1205 1098 1266 vi-

124 1319 221 1381 detur
246 1320 365 1380 factam
387 1317 480 1400 plura
500 1315 539 1379 de
569 1339 607 1404 eo
629 1329 808 1402 exspectare
831 1319 1000 1392 dehemns3.
1030 1319 1098 1381 Eu-

121 1434 224 1494 hoeus
244 1440 323 1492 tunc
342 1431 495 1514 temporis
522 1430 609 1493 haud
636 1432 733 1496 dubie
763 1435 835 1495 satis
858 1435 1000 1518 cognitus
1020 1436 1095 1511 fuit,

123 1557 159 1610 et
179 1556 227 1606 est
246 1566 283 1607 rc
304 1554 380 1607 ve'ra
399 1544 462 1606 hoc
483 1548 728 1629 epigrammatis,
759 1559 795 1611 ut
824 1550 856 1610 in
870 1608 872 1613 ,
887 1572 926 1613 eo
953 1551 1097 1614 breviter

123 1662 244 1738 omnia,
265 1660 365 1724 multa
386 1663 484 1723 etiam
504 1682 619 1746 parum
641 1661 782 1725 dilucide
796 1676 1096 1727 commemorentur.

102 1777 158 1838 ‘Si
181 1797 311 1838 carmen
339 1775 529 1837 historicum
561 1786 651 1853 esset,
681 1797 699 1837 a
722 1777 845 1840 Boeoto
869 1777 910 1838 ad
930 1779 1099 1843 Euboeam

122 1893 276 1953 transitus
311 1891 380 1952 talis
413 1891 513 1975 qualis
550 1901 597 1954 est
634 1891 807 1954 admodum
844 1892 930 1954 foret
961 1893 1121 1979 ineptus„

21 2088 26 2101 ,
121 2005 231 2067 Etiam
255 2000 441 2068 illud'bene
459 2008 581 2069 factum
600 2007 728 2070 videtur
749 2007 836 2092 quod
849 2028 966 2071 nomen
982 2010 1098 2077 Boeoti

122 2141 224 2204 usquc
246 2118 287 2182 ad
308 2123 406 2184 tinem
426 2122 574 2185 carminis
594 2135 790 2186 reservatum
817 2135 875 2189 eat.
924 2126 972 2187 Ab
1003 2128 1098 2190 initio

123 2236 276 2297 carminis
311 2236 477 2318 Agathocli
513 2247 651 2320 tyranno
685 2237 719 2298 id
755 2242 844 2321 quasi
876 2241 1097 2322 exprobratur,
1150 2300 1154 2309 f

123 2349 212 2433 quod
233 2349 392 2410 Boeotum
413 2349 509 2411 animi
529 2351 578 2410 sui
601 2352 771 2412 ferocitate
790 2353 896 2434 patria
924 2353 1093 2434 expulerit,

124 2473 159 2524 et
180 2472 320 2524 extremo
348 2462 488 2528 carmine
516 2474 657 2544 poetam,
686 2463 713 2522 si
741 2486 803 2546 qna
830 2462 1029 2527 divinatione
1047 2467 1097 2529 uti

90 2664 94 2669 .
123 2577 247 2654 licebit,
267 2576 301 2637 in
322 2577 492 2639 Euboeam
511 2575 619 2638 invehi
638 2587 813 2661 propterea
832 2578 985 2662 suspicor,
1010 2579 1096 2663 quod

30 2744 38 2760 „
123 2692 311 2776 Agathocles
332 2692 427 2754 istum
445 2702 575 2777 poetam
587 2693 642 2756 illo
654 2692 784 2776 'expulso
802 2693 896 2777 longe
909 2695 1097 2759 inferiorem

125 2831 233 2870 secum
268 2808 301 2868 in
335 2808 445 2872 Sicilia
477 2809 659 2871 retinuerit.
714 2806 1029 2895 Schweighaeuserus
1060 2812 1095 2874 in

125 2921 193 2982 ind.
214 2922 255 2982 ad
285 2923 398 2989 Athen.
432 2947 502 2986 voc.
536 2927 666 2991 Boeotus
699 2925 828 2989 videtur
855 2926 946 2988 nobis
974 2925 1036 2988 hac
1055 2926 1097 2990 de

124 3056 161 3096 rc
185 3036 377 3112 consentire,
402 3061 499 3120 quum
519 3040 607 3117 dicit,
632 3043 771 3105 Boeotus
791 3041 940 3104 landatur
960 3042 1000 3104 ab
1024 3042 1099 3105 Ale-

124 3150 245 3214 xandro
261 3150 375 3213 Aetolo
398 3153 432 3214 in
454 3156 681 3237 epigrammate
702 3167 735 3220 et
754 3158 937 3242 praefertur
949 3158 1098 3226 Eunoen.

345 3432 419 3498 «r.
463 3392 886 3513 ennolion(

211 3616 255 3679 Ex
280 3620 421 3702 elegiaco
441 3621 617 3682 carminum
636 3642 752 3706 genere
769 3623 901 3685 maxima
923 3642 996 3707 pars
1010 3625 1096 3709 frag-

126 3736 307 3793 mentorum
330 3745 386 3812 cst,
405 3758 485 3818 qnae
502 3746 616 3819 poetae
629 3737 729 3799 nostri
742 3749 924 3822 supersunt:
947 3739 1096 3805 nimirum

129 3834 191 3909 duo
216 3849 408 3933 'fragmenta
439 3874 536 3916 unum
564 3852 724 3938 Apollinis,
760 3852 846 3939 quod
875 3856 1015 3947 versibus
1046 3861 1096 3935 34.
