2666 4484
9 256 17 387 l

8 410 13 539 l

7 564 13 691 l

7 728 11 961 l

501 331 667 380 urrann
691 331 732 381 a.
1054 311 1098 383 41

134 526 173 569 ac
208 502 454 586 locupletissima
486 444 777 583 ‚comprobavita-
809 503 845 562 In
872 503 1032 569 Addendis
1061 503 1101 566 nd

126 618 338 695 Parthenium
359 619 455 680 etiam
477 616 531 679 ille
555 615 670 679 Galeas
691 615 816 700 egregie
838 618 956 679 erravit
970 630 1100 701 accepto

125 732 308 797 Alexandro
344 735 461 815 Magno
508 750 568 814 pro
616 731 701 798 Alea
739 732 865 793 Aetolo.
901 731 980 795 dicit
1017 734 1100 795 enim

129 872 174 926 „a
210 847 368 909 Ioaehimo
401 847 586 911 Camerario
625 846 710 908 inter
743 847 876 910 Homeri
911 849 1101 932 interpretes

126 962 213 1024 hune
241 983 366 1046 quoque
403 961 616 1025 Alexandrum
654 962 848 1025 recenseri“
902 964 1101 1025 Camerarius

128 1087 236 1139 autem
255 1078 288 1137 in
307 1077 506 1160 praefatione
527 1077 678 1141 editionis
706 1077 840 1139 Homeri
868 1080 1042 1154 „maximos
1070 1088 1103 1140 et

128 1192 360 1273 potentissimas
384 1213 511 1274 quoque
533 1214 622 1276 reges
643 1193 676 1253 in
700 1192 831 1256 Homeri
860 1213 993 1275 operum
1014 1213 1102 1253 com-

130 1307 377 1371 mentationibus
402 1306 589 1384 elaborasse,
616 1306 828 1370 Alexandrum
849 1306 949 1383 illum,
979 1307 1030 1367 cui
1050 1328 1102 1367 re-

128 1443 203 1484 rum
223 1429 381 1503 gestarum
411 1421 634 1513 admirabilitas
665 1424 771 1506 Magni
798 1444 914 1487 nomen
950 1422 1103 1487 concilia-2

128 1534 222 1612 verit,
260 1533 340 1595 haee
372 1534 465 1618 plane
496 1536 529 1597 in
562 1536 682 1599 deliciis
713 1537 882 1611 habuisse“
914 1547 947 1600 et
974 1537 1034 1599 alia
1062 1537 1102 1599 de

129 1631 389 1741 areatat-one,
413 1649 453 1710 ae
472 1648 584 1712 Aetolo
606 1648 696 1712 nnn
744 1650 845 1711 simin
873 1651 982 1728 moso,
1016 1650 1103 1732 quoa

130 1787 151 1825 a
169 1763 289 1826 Naelio
310 1763 343 1823 in
365 1762 497 1825 Schedis
522 1763 647 1824 Criticis
670 1787 702 1846 p.
726 1782 755 1838 7.
777 1746 928 1825 notatum
942 1774 998 1842 est,
1019 1766 1103 1833 Har-

128 1878 220 1940 lesius
242 1877 283 1939 ad
311 1878 451 1939 Fabricii
480 1878 516 1938 B.
540 1881 577 1939 G.
610 1880 648 1938 ΙΙ.
680 1903 713 1962 p.
735 1883 803 1944 283.
832 1882 959 1941 humani
984 1880 1104 1964 aliquid

124 2015 233 2076 passm
254 2007 296 2053 est
326 1995 452 2074 confuso
481 2016 548 2054 cum
578 1996 696 2055 nomiae
719 2009 830 2079 poetae
856 1997 955 2055 nostri
981 1998 1100 2057 nomine

116 2111 251 2189 sadrilae
289 2112 498 2193 Euripidem:
536 2132 610 2171 nam
649 2110 688 2171 de
723 2111 908 2174 Alexandro
944 2112 1100 2197 Euripidis

124 2226 268 2289 dramate
291 2229 358 2305 agit
386 2227 421 2286 V
415 2227 490 2294 alet.
512 2228 618 2287 Diatr.
643 2244 709 2303 147.
729 2249 789 2310 sq..

204 2338 334 2420 Reliqui
354 2349 470 2421 poetae
493 2341 594 2399 nostri
621 2359 727 2399 versus
756 2337 887 2422 elegiaci
914 2320 979 2400 tres
1010 2338 1098 2401 inve·

128 2454 261 2513 niuntur
282 2451 322 2515 de
343 2453 437 2535 Mysis
460 2452 545 2534 apud
566 2452 767 2527 Strabonem,
798 2452 853 2533 qui
883 2451 1045 2512 cuiusnam
1066 2462 1098 2513 et

124 2566 222 2652 qualis
245 2567 377 2649 elegiaci
398 2566 549 2629 carminis
571 2564 730 2649 particula
750 2564 881 2643 fuerint,
895 2564 1015 2648 exquiri
1032 2586 1095 2627 non

125 2691 228 2763 potest
249 2683 322 2766 (frg.
343 2682 455 2757 XIV-J.

451 2903 493 2974 G·
542 2898 764 2974 EPICA.

195 3027 249 3087 ·Ex
271 3028 363 3108 epieo
394 3051 510 3110 genere
543 3030 605 3091 duo
636 3039 751 3113 poetae
784 3031 883 3093 nostri
917 3027 1095 3092 carminum

123 3142 253 3207 nomina
280 3151 313 3203 et
343 3142 519 3224 fragmenta
542 3145 756 3227 cognovimus,
776 3167 910 3228 quorum
924 3167 1023 3207 unum
1043 3147 1093 3206 in·
1115 3213 1119 3221 ⁴

121 3257 270 3321 scribitur
291 3250 416 3329 Ἁλιεύς
444 3258 528 3340 (srg
549 3258 656 3336 XV.),
690 3259 777 3319 euius
813 3262 1024 3345 fragmentum
1052 3262 1091 3322 ab

121 3374 285 3437 Athenaeo
307 3381 465 3437 servatum
486 3373 624 3452 eleganti,
648 3380 684 3432 ut
708 3373 841 3436 Naelxius
869 3376 984 3438 Sched.
1013 3374 1090 3436 crit.

121 3491 217 3569 p.16.
239 3482 411 3550 rectissrlne
433 3485 593 3573 iudicavit,
615 3500 644 3546 et
663 3509 735 3546 aere
755 3492 883 3572 antiqua
902 3490 1092 3574 simplicitate
1115 3562 1121 3585 Ι

120 3604 152 3662 ia
183 3623 300 3663 summa
327 3603 476 3664 brevitate
505 3623 571 3662 cam
599 3604 704 3662 ceteris
728 3602 832 3663 Aetoli
851 3605 983 3688 reliquiis
1004 3602 1091 3666 docet
1120 3626 1124 3633 ’

120 3739 186 3777 enm
205 3714 312 3778 altiori
329 3719 463 3800 qrsodam
483 3738 619 3779 sermone
633 3712 794 3801 seriberiae.
836 3718 898 3780 Isto
911 3716 1089 3802 fragmento

121 3816 258 3895 Glaucus
283 3832 358 3896 deus
378 3835 518 3898 marinus
539 3833 640 3898 herba
663 3835 800 3921 quadam
821 3857 856 3898 ex
877 3834 984 3898 insulis
1007 3835 1090 3898 Bea-

867 3960 891 4031 6
