2666 4484
444 325 721 377 assensurum
745 329 785 379 x.
897 388 902 395 ,
1056 316 1102 387 57

204 499 307 562 Vera.
330 515 377 561 ια
410 494 445 557 in
477 493 550 556 cod.
582 493 871 581 Pah'(apr.·m.)
900 506 946 560 est
973 493 1106 582 Σέρδιαι

129 605 274 697 ι’έρχαιαι,
296 611 328 672 in
349 608 422 672 vat.
444 604 577 691 Ξάρδιαι
594 600 733 691 ἆρχαέαι,
753 619 925 695 utrumque
939 612 1104 688 vitiosum

131 730 265 792 Salmas.
279 737 311 789 et
323 725 427 792 Reisk.
438 720 567 815 Σάρδιες
580 716 725 835 uiolatam
745 733 834 788 recte
846 724 931 811 apud
944 726 1106 794 Plutarch.

133 856 169 907 et
190 842 327 905 Brunols.
347 837 487 925 Σάρδιες,
509 833 657 924 ἆρχαῖοςς
679 840 758 901 nihil
780 842 864 903 enim
884 852 941 920 est,
959 862 1018 903 our
1031 841 1107 903 Sar-

134 960 190 1023 des
211 959 342 1020 Alcman
365 957 446 1040 ipsas
470 957 614 1040 antiquas
639 952 863 1040 appellaverit:
893 979 972 1019 num
992 957 1106 1019 Sardes

131 1074 248 1158 Sparta
268 1071 483 1156 antiquiores?
507 1069 562 1132 sed
577 1071 691 1133 Sardes
709 1071 853 1134 Alcmani
874 1083 1043 1156 parentum
1059 1094 1108 1135 se—

131 1188 188 1250 des
211 1188 341 1271 antiqua
355 1187 375 1247 i.
391 1208 419 1247 e.
437 1187 543 1269 prisca
555 1186 605 1247 vel
619 1188 711 1270 prior
731 1189 877 1259 fuerunt;
901 1190 997 1249 etiam
1010 1188 1109 1248 verba

133 1300 277 1384 πατέρων
296 1300 395 1379 νομός
412 1309 479 1361 tam
497 1298 583 1362 nude
603 1304 708 1384 posita
730 1301 952 1385 displicerentz
981 1295 1110 1383 ἀρχαῖαι

134 1441 211 1480 cum
230 1413 361 1498 Σάρδιες
383 1415 589 1478 coniunctum
609 1416 729 1477 nullam
750 1417 815 1479 vim
841 1417 950 1501 habet,
980 1410 1110 1500 ἆρχαῖος

134 1536 209 1593 cum
239 1529 336 1610 οομός
361 1553 522 1614 maguam3
551 1562 593 1578 ·-
620 1529 763 1613 πατέρων
795 1550 855 1614 pro
881 1546 1045 1615 parentum
1067 1532 1109 1594 cl.

129 1645 191 1730 lrg.
212 1645 282 1709 XII·
305 1664 334 1708 α.
606 1718 608 1722 ,

214 1760 305 1820 Vers.
335 1778 381 1821 aa
411 1757 496 1840 apud
522 1755 683 1819 Plutarch.
711 1751 825 1831 κέλσας
847 1756 957 1835 (etiam
976 1761 1108 1837 κελμάς)

131 1863 154 1954 ἦ
174 1884 222 1947 τίς
242 1873 353 1951 (etiam
374 1863 475 1952 ἢτές)
498 1865 579 1956 ἀνὴρ
598 1869 756 1951 μακέλαςς
778 1874 811 1932 in
832 1871 980 1935 cod.Pal.
1005 1882 1037 1933 et
1059 1872 1110 1935 ed.

133 1984 348 2078 λοαο.’κέρνας
370 1978 502 2068 ἦστιοαν
523 1979 544 2067 ἢ
563 1984 711 2066 μακέλας,
732 1987 766 2048 in
787 1987 859 2050 Vat.
881 1984 990 2073 κέρνος
1011 1977 1050 2069 ἦν
1062 2006 1109 2062 τις

131 2094 171 2164 ἂν
191 2093 213 2182 ἢ
231 2099 386 2182 μακέλαςς
414 2101 583 2163 Salmasius
605 2104 747 2164 coniecit
770 2104 881 2176 saltria
901 2093 941 2184 ἦν
962 2127 1009 2178 τις
1030 2094 1109 2183 ἄνῆ

129 2215 274 2299 βακέλας,
288 2218 398 2289 κελλοὶς
412 2217 610 2299 exHe'sychio
626 2202 852 2299 interpretatus
865 2214 1103 2300 μονόφθαλμος,

132 2342 166 2394 et
186 2327 373 2409 βακέλας-
392 2323 562 2404 ἆαόκοπος,
583 2338 619 2390 ut
642 2340 733 2390 erant
757 2328 840 2389 Galli
864 2329 973 2388 matris
995 2331 1107 2390 Idaeae

131 2430 325 2529 sacerdotes,
348 2464 430 2526 quae
460 2445 494 2504 in
514 2440 652 2525 Phrygia
672 2441 804 2503 maxime
828 2452 860 2502 et
875 2415 988 2501 ¹uicina
1008 2424 1124 2523 Ly'dia⁴

132 2559 316 2630 colebatur3
337 2554 472 2638 βακέλας
492 2566 581 2618 recte
603 2556 752 2632 coniecit,
765 2555 867 2617 minus
880 2551 1107 2632 reeteuallaigz
1203 2530 1205 2537 ,

132 2698 208 2737 nam
231 2674 314 2736 Galli
337 2683 370 2735 et
392 2666 548 2735 ἇπόκοποι
575 2680 668 2733 erant
689 2682 721 2732 et
743 2665 979 2764 μονόφθαλμοι.
1016 2669 1108 2731 Haud

133 2792 270 2854 meliora
290 2790 424 2853 Ursinus
455 2789 596 2865 consiscit
616 2787 648 2848 in
670 2788 749 2872 lagg.
780 2785 837 2871 lyr.
848 2833 859 2865 ,
889 2783 997 2865 κέλμις
1017 2775 1039 2866 ἦ
1060 2806 1107 2861 τις

131 2901 211 2988 ανὴρ
233 2904 377 2985 βακέλας,
402 2905 434 2966 in
462 2907 578 2988 quihus
606 2903 780 2987 tautologia
801 2911 897 2985 poeta
925 2910 1034 2964 nostro
1057 2901 1107 2962 in-

133 3019 241 3100 digna,
264 3028 423 3078 structura
441 3040 521 3079 -vcro
553 3018 650 3082 nulla.
699 3017 842 3079 Rei'slius
870 3037 931 3100 pro
963 3008 1116 3078 salmasii*

136 3126 362 3196 emendatione
384 3128 517 3211 βακέλας
537 3116 618 3197 male
640 3134 828 3214 excogitavit
848 3131 996 3211 μακελᾶς,
1020 3130 1106 3215 quod
1192 3162 1193 3166 ,

132 3274 151 3312 a
171 3244 312 3330 μάκελλα
334 3245 456 3307 derivat
476 3245 671 3327 maximeque
692 3245 850 3307 subtiliter
871 3246 1027 3330 explicare
1050 3244 1106 3305 co-

136 3375 241 3443 natur,
263 3373 299 3425 ut
321 3361 412 3424 nobis
432 3359 622 3445 persuadeat
647 3360 832 3440 ligonarium
862 3382 900 3422 eo
922 3359 1103 3445 significari.
1148 3425 1150 3429 ,

133 3480 198 3542 Pro
221 3476 330 3563 κέρνος
344 3473 432 3555 idem
453 3497 516 3537 non
534 3474 616 3537 male
634 3473 765 3558 quidem
783 3474 944 3557 ingeniose
966 3474 1106 3536 coniecit

130 3595 245 3681 χέραας
272 3598 403 3678 (dorice
431 3617 490 3682 pro
509 3593 652 3680 χέρνης),
687 3594 774 3679 quod
803 3593 975 3677 Hesychius
1004 3589 1104 3650 inter-

132 3723 282 3800 pretatur
303 3712 405 3795 πέαης,
425 3710 543 3797 λάτρις,
552 3709 759 3796 χειροτέχνης,
781 3705 798 3772 ὃ
817 3704 878 3772 ἀπὸ
899 3705 1016 3787 χειρῶν
1035 3704 1104 3783 loir.

135 3827 204 3892 sed·
221 3826 363 3890 homines
386 3829 714 3915 pauperes70manibus
732 3828 852 3888 victum
867 3822 927 3886 sibi
946 3832 1105 3905 parantes,

885 3951 1047 4029 8,.
