2666 4484
612 300 773 350 Ll'r'rnua
801 304 834 350 B.

503 509 545 581 B·
594 504 950 578 DRAMATA.

326 705 514 786 Quanquam
534 719 570 763 ex
590 699 734 767 omnibns
758 699 938 763 dramaticis
955 698 1122 764 Alexandri
1139 727 1210 766 car-

242 819 378 882 minibus
410 817 549 902 quinque
577 824 701 878 tantum
727 836 834 878 versus
864 815 954 877 nobis
982 819 1098 879 seruati
1127 831 1207 897 sunt,

239 944 304 996 tres
327 933 366 997 ab
392 932 565 1010 Athenaeo,
592 954 672 995 unus
693 953 713 990 a
733 931 884 1008 Stobaeo,
905 931 1033 1014 quintus
1053 931 1085 992 in
1107 933 1209 996 Scho-
1279 950 1284 963 ⁴

241 1047 291 1113 liis
312 1047 454 1126 Homeri,
479 1069 515 1109 ex
532 1046 580 1109 his
601 1056 707 1109 tamen
725 1045 798 1129 ipsis
814 1044 966 1123 versibus,
988 1046 1122 1109 aliorum
1142 1052 1210 1110 eius

242 1163 421 1227 dramatum
442 1161 621 1224 nominibus
644 1182 682 1222 ac
701 1160 818 1224 Suidae
838 1160 1018 1222 testimonio
1040 1181 1209 1244 compara-

238 1278 290 1357 tis,
311 1300 375 1339 nou
396 1276 491 1339 modo
512 1274 690 1360 tragoedias
713 1296 788 1338 eum
805 1274 975 1359 scripsisse,
1002 1275 1058 1343 sed
1079 1297 1209 1339 comoe-

133 1389 137 1401 ’
225 1392 307 1455 „dias
337 1413 475 1476 quoque,
510 1392 585 1453 satis
615 1399 703 1453 certe
734 1400 771 1452 ut
796 1389 922 1452 ridetur
953 1390 1059 1474 colligi
1091 1400 1206 1475 potest.

239 1507 357 1568 Mirum
378 1505 506 1591 quidem
528 1514 576 1568 est
596 1528 616 1566 a
635 1504 733 1565 Suida
753 1482 831 1568 ¹eum
853 1503 918 1568 dici
937 1504 1126 1589 tragoedias,
1143 1528 1207 1566 non

241 1622 339 1683 etiam
360 1618 541 1685 comoedias
569 1620 745 1703 scripsisse;
774 1627 811 1685 al
832 1617 948 1681 Suidua
968 1618 1127 1681 silentium
1147 1620 1206 1682 hac

240 1733 280 1797 dc
302 1754 338 1796 re
360 1733 416 1797 nni
435 1733 642 1800 tribuendum
662 1733 804 1796 incuriae
825 1731 963 1812 videtur,
986 1756 1067 1818 quae
1089 1745 1207 1819 quanta
1322 1754 1323 1811 3

238 1872 465 1933 nonnunquam
486 1870 625 1913 summae
644 1851 710 1911 eius
730 1848 910 1935 diligentiae
927 1859 1023 1934 atque
1044 1849 1205 1912 doctrinae

237 1964 336 2055 fuerit
356 1964 537 2047 coniuncta,
559 1984 624 2024 uno
640 1962 704 2027 iam
727 1962 880 2046 exemplo,
898 1963 986 2048 qnod
1007 1962 1047 2025 ad
1068 1974 1206 2025 nostram

238 2101 309 2141 rem
336 2077 569 2162 quodammodo
599 2079 751 2164 pertinet,
768 2077 863 2144 ctiam
883 2078 910 2142 si
930 2077 991 2142 ulia
1009 2098 1074 2139 uon
1092 2087 1204 2156 essent,

238 2193 311 2255 satis
335 2194 608 2279 comprobaretur«
650 2191 804 2258 Nimirum
821 2214 856 2256 ex
864 2191 993 2255 Pleiade
1012 2215 1064 2257 sex
1083 2202 1212 2275 tantum·
1322 2166 1323 2199 ³

238 2318 349 2395 poetas
373 2310 525 2387 nominat,
555 2320 587 2371 et
614 2326 726 2372 eorum
746 2331 902 2395 quemque
923 2309 1002 2372 dicit
1022 2331 1088 2375 esse
1108 2330 1205 2370 uuum

242 2434 403 2511 eseptem
423 2424 481 2488 illis
503 2424 646 2507 Tragicis
678 2421 733 2508 qui
762 2421 865 2487 Pleias
894 2426 1115 2487 nominentur:
1135 2446 1204 2506 sep·

236 2540 350 2604 timum
370 2563 447 2603 vero
470 2541 582 2602 (imisit.
633 2536 728 2602 Aliud
753 2539 929 2623 exemplum
956 2538 1028 2603 vide
1056 2539 1139 2600 infra
1166 2539 1204 2599 de

237 2655 354 2717 Sotade
379 2655 441 2717 litt.
461 2657 503 2717 D.
552 2655 660 2738 Neque
701 2648 832 2715 obiicias
869 2675 968 2714 unum
1005 2652 1204 2734 eundemque

236 2779 365 2855 poetam
385 2770 541 2852 tragicum
572 2778 605 2831 et
625 2768 718 2831 simul
742 2772 901 2833 comicum
922 2788 987 2829 esse
1008 2789 1073 2829 non
1093 2788 1203 2850 posse:

239 2883 294 2947 illa
313 2884 399 2947 enim·
424 2895 525 2946 aetate
553 2867 724 2968 scriptores
759 2905 866 2947 omnes
892 2880 960 2944 iere
988 2880 1096 2944 omnia
1125 2884 1207 2943 scri·
1321 2938 1322 2945 ,

187 3070 190 3075 ,
236 2999 336 3063 baudi
364 3023 479 3085 genera
511 3002 680 3085 complecti
715 3001 866 3076 solebant,
903 3018 1006 3081 neque
1046 3003 1113 3057 tam
1149 3017 1205 3056 suo
1321 3056 1322 3093 q

241 3112 372 3201 quisque
401 3117 495 3201 ipsius
525 3142 619 3202 quam
645 3119 798 3201 temporis
827 3105 955 3199 iigenio
985 3121 1080 3195 atque
1107 3110 1205 3173 indoli

239 3232 508 3316 obsequebantur,
535 3243 632 3317 utque
661 3243 776 3296 neutro
809 3230 842 3293 in
865 3249 993 3315 genere,
1015 3247 1119 3311 neque
1139 3236 1205 3285 tra-

237 3346 350 3432 goedia
372 3368 475 3432 neque
505 3347 671 3411 comoedia
703 3367 902 3429 summopere
929 3341 1135 3417 excellebant,
1162 3338 1206 3400 ita

237 3464 270 3525 in
291 3473 427 3547 utroque
447 3463 540 3523 facilc
556 3472 706 3547 poterant
726 3481 791 3522 esse
812 3459 998 3523 mediocres.
1041 3455 1130 3517 Idem
1152 3452 1205 3514 ille

237 3577 458 3656 Callimachus,
487 3569 653 3639 Alexandri
679 3574 829 3658 aequalis,
854 3597 874 3636 a
895 3571 993 3634 Suida
1018 3570 1136 3634 diserte
1158 3567 1205 3629 di·
1282 3558 1284 3565 ¹

238 3694 321 3756 citur
340 3703 374 3756 et
394 3692 573 3756 comoedias
586 3701 619 3755 et
632 3689 811 3773 tragoedias
828 3685 1003 3771 scripsisse;
1024 3693 1057 3747 et
1075 3683 1205 3747 Alexan-
1320 3744 1321 3753 ,

239 3806 298 3874 der
313 3810 452 3887 Aetolus,
469 3817 566 3891 poeta
583 3804 731 3889 tragicus,
746 3804 800 3889 qui
815 3798 1204 3888 pblyaoescomposnerit,
