2666 4484
245 312 292 385 46
557 312 833 372 antennarum
859 318 887 365 1.

244 497 306 558 vit:
331 498 412 557 nam'
424 487 505 556 dicit
525 487 663 555 eundem
692 507 758 550 ease
776 480 1010 570 τραπεζοκόμον
1032 495 1126 576 atque
1147 492 1215 557 Ro..

134 688 138 695 ¹
241 631 409 673 manorum
438 620 617 670 structorem
640 603 755 667 deinde
779 603 1003 685 τραπεζοποιὸς
1028 603 1073 666 ita
1095 607 1216 673 deseri.

241 725 339 802 bitur,
354 732 391 785 ut
404 724 499 786 atiani
508 722 594 784 huno
606 729 758 804 appareat
768 719 904 786 eundem
915 740 980 781 esse
1000 724 1056 805 qui
1071 736 1213 786 structor.

240 839 349 903 Verba
387 839 473 901 enim
509 832 753 918 παρατιθέμενος
779 833 815 897 ἐκ
861 830 1020 918 δράματος
1065 859 1130 899 non
1171 840 1227 904 sic.

240 952 480 1038 interpretanda
501 958 584 1030 sunt,
607 950 695 1035 quasi
719 950 797 1011 luha
819 971 874 1013 nex
896 960 1019 1012 nostros
1041 952 1212 1016 Alexandri

240 1091 347 1135 versus
378 1067 419 1131 ad
449 1064 731 1131 demonstrandum
766 1064 945 1130 laudaverit
981 1067 1118 1131 eandam
1146 1092 1212 1132 esse

239 1179 472 1270 τραπεζοκόμον
492 1192 587 1266 atque
605 1194 794 1258 structorem,
817 1181 873 1243 sed
900 1181 963 1244 hoc
976 1192 1127 1267 tanquam
1141 1207 1213 1248 cer-

238 1307 308 1364 tum
326 1300 494 1382 proponit3
523 1295 637 1359 nostris
664 1317 743 1358 vero
770 1297 914 1359 versibus
935 1298 1054 1360 docere
1075 1310 1211 1361 conatur

240 1414 335 1477 etiam
354 1412 578 1497 τραπεζοποιόν
605 1411 742 1475 eundem
768 1433 846 1493 esse,
878 1413 931 1497 qui
958 1428 1091 1475 structor
1118 1384 1212 1498 duem

241 1529 354 1593 dicunt
380 1528 515 1593 Romani
550 1527 610 1610 (ad
639 1527 784 1591 convivia
811 1528 896 1592 enim
925 1550 989 1591 non
1017 1530 1211 1592 fabricatore

238 1666 420 1713 mensarum
440 1665 519 1729 opas
539 1652 598 1723 ast,
610 1642 667 1707 sed
686 1644 801 1707 mensis
822 1644 887 1707 iam
906 1645 1069 1709 fabricatis
1088 1668 1211 1711 eatam-

238 1780 302 1846 qne
322 1768 481 1829 stmctore
503 1757 524 1820 i.
548 1780 578 1827 a.
597 1768 635 1821 ut
655 1759 758 1823 Servii
776 1760 882 1824 verbis
913 1771 996 1840 utar,
1018 1763 1212 1843 fistulosum

238 1860 468 1962 compositore),
495 1875 588 1937 unda
618 1875 788 1958 colligatur
815 1847 1047 1960 τ’ραπεζοκόμον
1076 1877 1212 1940 eundem

240 2013 307 2056 asso
329 1993 386 2076 qui
405 1984 641 2074 τραπεζοποιός.
681 1989 856 2055 structoris
878 2001 947 2053 erat
967 1991 1211 2077 eluerepatinas

131 2148 135 2157 ·
239 2127 277 2173 ae
296 2120 381 2183 vasa,
394 2126 509 2169 curare
522 2106 680 2183 lucernas,
696 2090 864 2170 libationes
884 2107 1001 2185 facere,
1018 2107 1081 2168 alia
1093 2107 1212 2170 horum

237 2220 367 2293 cimilia3
400 2220 548 2306 domique
577 2220 665 2284 cibos
693 2220 807 2285 afferre
841 2230 876 2285 et
905 2221 1032 2285 adstare
1058 2222 1210 2301 convivis,

238 2336 325 2423 qnod
346 2336 476 2422 quidem
496 2335 634 2400 officinm
658 2336 698 2400 ab
718 2337 883 2400 Athenaeo
907 2338 1103 2422 significatur
1122 2339 1143 2401 l.
1156 2340 1207 2402 IV.

236 2418 360 2539 p017t3.
382 2452 412 2518 ι1.
435 2455 476 2522 f..
517 2452 691 2540 Hesychius
719 2452 863 2515 officium
886 2453 953 2517 eiua
979 2453 1025 2515 ita
1052 2454 1210 2538 interpre-

229 2579 340 2633 tatur:
370 2564 596 2651 τραπεζοποιός
616 2568 703 2645 ἐστιν
722 2561 781 2650 οὐχ
802 2562 819 2629 ὅ
841 2564 1002 2653 μάγειρος,
1023 2561 1091 2632 ἀλλ’
1117 2563 1134 2631 ὃ
1156 2569 1208 2650 τῆς

236 2679 340 2769 πόσης
365 2682 440 2766 περὶ
464 2685 506 2747 τὰ
534 2680 697 2765 συμπόσια
725 2684 924 2768 παρασκευῆς
958 2670 1210 2764 ἑπιμελοόμτνος.

235 2795 361 2863 Eodem
373 2796 470 2866 modo
476 2796 601 2871 Pollam
613 2800 653 2859 ef.
661 2799 793 2885 virga
802 2801 827 2862 1.
835 2798 1008 2882 yon-706,
1016 2797 1072 2859 nbi
1079 2797 1208 2860 Servius

237 2910 510 2996 ads.704.struerc
520 2914 751 2999 intorpretatur
759 2916 919 2994 ordinare,
927 2935 1116 2999 componere,
1131 2917 1208 2978 wide

236 3040 266 3090 et
284 3041 449 3091 structores
468 3029 610 3092 ἀνόμοιον
627 3032 822 3112 serculorum
846 3033 1137 3115 compositores.-·-
1157 3033 1207 3093 De

236 3142 315 3209 Iuba
340 3165 416 3228 rega
442 3145 664 3225 Mauritaniae,
692 3148 763 3213 viro
793 3146 1008 3211 eruditissimo
1030 3146 1072 3209 of.
1094 3146 1206 3208 Athen.

235 3258 319 3348 plur.
340 3258 391 3337 lt,
414 3257 519 3345 Etym.
541 3262 585 3323 M.
607 3284 677 3325 voe.
699 3260 826 3346 βλίτυρι
847 3272 880 3324 et
901 3284 973 3327 voc.
994 3257 1207 3335 Διόνυσος.-

235 3375 271 3438 In
291 3373 446 3441 Athenaei
468 3376 541 3442 edd.
559 3387 593 3440 et
608 3400 679 3441 mss.
695 3387 789 3441 antea
808 3377 976 3463 legebatur
996 3370 1207 3460 oroodmooa3

234 3489 551 3577 Schweighaeuserns
571 3493 692 3577 primns
723 3514 759 3556 ex
784 3515 849 3554 uno
879 3494 954 3558 ood.
981 3515 1039 3557 ms.
1067 3491 1208 3554 restituit

119 3636 122 3644 ι
235 3602 448 3691 στρούκτωρα.
467 3607 671 3670 *verbum
692 3604 861 3690 λαμβάνειν
887 3631 953 3671 non
975 3612 1081 3693 ipsum
1102 3628 1207 3691 neque

235 3722 374 3801 emendi,
395 3744 500 3817 neque
523 3724 724 3787 conducendi
751 3746 885 3810 nsquam
903 3723 1003 3788 hahet
1029 3725 1205 3802 notionem,

232 3834 291 3899 aad
311 3837 366 3901 nbi
387 3838 427 3903 de
448 3839 544 3902 rebus
565 3839 719 3904 eiusmodi
731 3862 836 3906 sermo
858 3851 916 3921 est,
933 3861 1012 3924 quas
1026 3851 1082 3903 aut
1099 3860 1204 3905 emere

1319 586 1325 635 t
