2666 4484
229 294 277 369 84
525 305 802 367 ruacuuuruu
825 307 909 357 xv1.

229 480 420 566 productam
431 477 573 541 iuvenies
590 478 623 540 in
632 478 724 540 Hom.
737 478 776 539 H.
786 477 860 540 Cer.
872 496 941 558 174,
963 480 1019 563 qui
1041 478 1129 542 locus
1140 505 1208 549 uon

230 596 345 650 contra
365 584 587 651 Thicrschium
619 594 666 646 est
685 587 720 646 iu
742 585 799 645 Gr.
821 585 876 645 Gr.
908 586 936 663 Β.
960 587 1031 650 166.
1054 592 1083 652 8.
1107 612 1136 650 a.
1157 592 1206 654 di.

231 702 357 756 centem
377 683 444 773 εἶαρ
464 712 524 774 pro
547 687 602 772 ἔαρ
630 710 695 750 nou
726 689 934 751 Homericum
969 712 1045 754 esse.
1064 722 1109 749 ›-
1130 695 1205 761 Poat

229 806 303 883 γαΐα
324 807 479 859 commate
496 797 787 881 interpungendum
800 805 858 874 est,
880 806 913 858 et
926 789 988 880 ὅλῃ
1001 797 1205 866 ναιετάουσαν

231 927 291 990 per
315 903 545 988 appositionem
566 904 675 964 iuncta
695 912 769 963 sunt
790 922 862 963 cum
879 902 973 993 relat.
992 898 1055 985 ἣν..
1083 952 1088 959 .

313 1012 404 1072 Vers.
429 1030 459 1084 π.
481 1000 628 1090 circutos:
659 1007 786 1068 ‹ie-hac
808 1029 892 1071 *voce
912 1009 1143 1075 Valckenarius
1165 1015 1204 1078 ad

233 1118 371 1179 Thaoor.
395 1116 498 1177 Adon.
517 1138 547 1175 v.
564 1133 593 1189 7.
613 1114 697 1175 bene
718 1113 875 1192 disseruit,
899 1115 956 1177 sed
976 1117 1056 1178 male
1077 1119 1208 1182 videtur

231 1224 355 1301 iecisse,
375 1220 463 1305 quod
481 1242 541 1303 pro
560 1219 642 1301 vulg.
655 1220 815 1302 scriptura
835 1218 881 1302 μή
901 1214 959 1283 τιν’
981 1220 1047 1284 ἕλοι
1066 1225 1206 1287 coniecit

230 1325 277 1411 μή
299 1350 347 1392 νιν
367 1327 452 1390 ἕλοις
474 1326 618 1409 ¹primum
646 1326 731 1387 onim
749 1335 838 1389 recto
862 1327 1068 1390 Grammatici
1089 1329 1205 1395 docent

232 1456 282 1498 νιν
300 1434 384 1517 plur.
404 1455 491 1495 num.
514 1431 622 1515 lyricis
641 1441 765 1495 tantum
778 1454 818 1492 ac
839 1435 967 1516 tragicis
987 1437 1090 1519 poetis
1116 1458 1208 1497 usur-

230 1540 317 1625 parl3
352 1539 466 1602 deinde
483 1546 664 1621 'pronomen
685 1537 889 1604 indefinitum
907 1542 985 1625 sing.
1007 1564 1091 1603 num.
1113 1542 1206 1627 longe

234 1648 338 1729 aptius
366 1655 423 1725 est,
444 1667 539 1728 quam
567 1643 733 1726 personale
760 1644 844 1728 plur.
862 1667 980 1709 num„
1033 1648 1156 1726 Verte,'
1171 1671 1218 1745 ατ.
1325 1644 1326 1657 ’

232 1775 320 1840 quem
339 1773 442 1820 eorum
462 1750 599 1819 nwlestia
620 1753 734 1840 capiat.

520 1965 616 2027 XVL·
655 1962 692 2028 K
712 1967 733 2029 I
751 1966 781 2029 P
801 1968 835 2030 1(
854 1967 900 2030 A.

316 2069 430 2138 Athen.
445 2068 515 2132 Vll.
536 2093 569 2155 p.
593 2075 664 2136 283.
685 2095 718 2132 a:
735 2064 943 2155 Ἀλίξανδρος
962 2063 995 2134 d‘
1017 2065 1036 2133 ὅ
1059 2070 1208 2147 Αἰτωλὸς

233 2175 268 2242 ἓν
287 2173 405 2260 Κίρκᾳ,
433 2175 461 2240 α’
481 2171 609 2259 γνήσιον
628 2178 663 2240 τό
687 2174 882 2260 ποιημάτιον.

274 2282 427 2369 Πηλαλιλμ
449 2274 534 2370 ἄκρῳ
552 2280 605 2347 ἔπι
625 2283 784 2363 πομπίλος
796 2280 974 2366 ’ἁνιοχεύων

265 2380 360 2452 ‘Hor’
381 2383 484 2475 ἀκάτῳ
504 2384 683 2467 κατόπισθε,
698 2382 785 2463 θεοῖς
800 2384 873 2468 ὕπο,
890 2389 1047 2472 πομπίλος
1057 2386 1164 2472 igme.

232 2495 274 2561 Hi
294 2517 402 2557 versus
426 2495 458 2556 in
480 2517 554 2558 mss.
577 2495 728 2577 leguntur
748 2495 830 2558 male
853 2497 1017 2558 disiuncti:
1126 2540 1128 2549 ,

273 2599 427 2687 Πηόαλίῳ
447 2591 533 2688 ἄκρῳ
555 2599 611 2665 ἐπί
627 2600 787 2681 πομπίλος
806 2594 987 2684 ἆνιοχεὺνης

281 2708 328 2767 Τὰ
348 2702 433 2771 κάτω
454 2704 624 2771 κατόπισθε
645 2712 730 2782 θεοῖς
750 2702 811 2768 ὑπὸ
833 2705 994 2786 πομπίλος
1015 2704 1117 2790 ἰχθύς.

229 2812 271 2872 ·In
291 2820 367 2873 vett.
390 2811 463 2881 edd.
493 2814 645 2876 scribitur
673 2806 825 2893 ἇνιοχείιει
845 2810 900 2874 καί
917 2814 957 2875 τὰ
977 2809 1071 2876 κάτω.
1090 2820 1133 2867 *⁴
1153 2807 1209 2874 ἔπι

235 2926 269 2978 et
290 2910 352 2978 ὕπο
376 2918 690 3003 Schweighaeuserus
716 2918 864 2980 correxit.
907 2919 995 2981 ldem
1016 2919 1050 2979 in
1073 2918 1207 3001 reliquis

233 3031 327 3107 putat
354 3023 453 3087 latere
489 3021 648 3108 ἆνιόχευεν,
675 3024 718 3100 εἷς
744 3024 784 3086 τὰ
811 3020 905 3087 κάτω.
955 3025 1116 3109 Equidem
1142 3024 1207 3086 iam

234 3129 449 3203 indicaveram
470 3154 511 3195 ne
533 3135 579 3195 sic
600 3134 731 3218 quidem
750 3133 858 3195 locum
878 3140 1022 3194 sanatum
1043 3153 1122 3211 anseg
1144 3152 1208 3194 uec

236 3259 314 3300 vero
345 3239 506 3322 quomodo
542 3241 645 3303 sanari
674 3249 781 3327 posset
807 3239 975 3300 habebam
1023 3238 1142 3301 Veram
1173 3245 1210 3298 et

236 3367 307 3411 eam
329 3345 460 3431 quidem
475 3346 659 3410 facillimam
672 3368 775 3431 eoque
791 3346 889 3429 magis
902 3344 1100 3428 probandam
1111 3341 1215 3404 huius·

235 3451 299 3514 loci
324 3452 581 3515 emendationem
608 3477 627 3514 a
646 3451 806 3517 Meinekio
836 3452 951 3515 litteris
981 3450 1090 3532 accepi
1112 3458 1212 3533 atquo
1237 3498 1240 3505 .

235 3558 322 3621 hona
341 3558 436 3621 venia
447 3557 543 3620 huius
556 3559 773 3622 humanissimi
785 3560 848 3621 viri
863 3560 1010 3639 recipere
1023 3575 1116 3616 ausus
1130 3577 1213 3619 sum.

238 3665 354 3727 Similis
375 3665 457 3728 haec
482 3665 661 3729 emendatio
684 3675 731 3727 est
751 3663 988 3749 elegantissimis
1013 3661 1075 3724 illis
1091 3660 1213 3722 Casan·
1296 3744 1299 3753 Ι

236 3768 314 3830 boui
335 3772 533 3855 aliorumque
556 3774 590 3833 in
604 3772 728 3856 frgxl.
771 3772 883 3855 Agitur
895 3768 945 3833 his
958 3765 1213 3851 versibus,quod

236 3873 305 3967 reri
332 3877 525 3941 simillimum
558 3897 626 3940 esse
655 3880 753 3941 etiam
781 3877 961 3945 Meinekius
982 3876 1145 3953 iudicavit,
1167 3873 1213 3937 de
