2666 4484
233 318 281 393 40
611 331 774 384 aturrus
800 334 835 382 r.

231 514 365 584 constat,
385 505 417 565 in
443 502 613 568 Parthenii
646 503 786 580 eroticis,
811 501 954 565 alterum
980 514 1102 588 septem
1128 529 1201 570 ver-

233 638 326 681 suum
352 642 389 681 ex
418 618 513 682 Musis
544 643 563 680 a
588 619 768 697 Macrobio,
794 628 917 682 servata
948 618 1113 683 habemus.
1166 625 1204 684 ln

231 735 384 814 carmine,
410 735 496 818 quod
511 727 677 797 Ἀπόλλων
690 734 875 797 inscribitur
886 735 1063 818 (fraxin),
1077 738 1206 801 salsulae

233 854 421 929 amatoriae,
449 859 482 911 et
509 871 565 912 eae
587 850 718 933 quidem
737 850 868 913 sortasse
888 850 1056 914 hominum
1074 855 1206 916 nonnisi

237 977 274 1029 ut
293 968 327 1029 in
353 968 531 1050 fragmento
558 976 604 1028 est
631 964 744 1026 misere
774 962 958 1045 amantium,
988 969 1029 1029 ab
1054 969 1205 1053 Apolline

229 1081 434 1146 vaticinando
471 1082 623 1145 videntur
664 1083 821 1162 expositae
858 1081 970 1153 fuisse;
1010 1103 1072 1144 nec
1109 1104 1203 1163 vero,

235 1206 384 1283 quantum
416 1219 451 1257 er
474 1206 581 1260 nostra
603 1205 725 1257 servata
757 1195 907 1280 colligere
934 1218 1105 1280 possumus,
1133 1207 1202 1260 tam

237 1312 454 1390 immodestae,
470 1321 507 1373 ut
528 1309 681 1372 iudicium
701 1308 762 1370 hac
784 1309 824 1371 de
849 1333 885 1373 re
906 1333 1033 1395 prorsus
1055 1313 1202 1396 iniquum

235 1431 269 1491 in
288 1427 406 1489 Daubii
430 1437 463 1489 et
486 1426 636 1487 Creuzeri
656 1423 776 1488 Studiis
792 1429 840 1503 ²⁹)
869 1427 1030 1509 prolatum
1050 1448 1108 1512 ego
1127 1449 1203 1511 pos-

233 1562 299 1605 sem
318 1544 468 1628 probare.
522 1542 714 1625 Fragmeuto
743 1551 852 1604 nostro
883 1539 999 1603 Authei
1027 1542 1136 1609 fabula
1165 1552 1201 1604 ut

232 1659 293 1721 suit
313 1659 397 1743 apud
417 1662 521 1742 ipsum
545 1658 757 1720 Alexandrum
775 1668 845 1720 tota
870 1656 957 1719 haud
977 1658 1070 1720 dubie
1097 1659 1201 1721 conti-

236 1785 339 1836 netur.
360 1806 401 1825 ·
431 1773 540 1837 Etiam
570 1774 624 1856 qui
654 1774 763 1834 Musae
792 1773 978 1835 inscribitur
1008 1773 1092 1836 liber
1119 1774 1197 1858 (ing.

229 1891 332 1967 Xlll.)
352 1887 438 1950 haud
457 1909 572 1970 parvus
592 1887 721 1949 videtur
741 1888 849 1949 fuisse:
873 1898 927 1949 aut
940 1888 1023 1950 enim
1039 1887 1199 1951 Timothei

230 2013 354 2066 tantum
372 2002 505 2064 historia
525 2002 559 2062 in
585 2023 623 2064 eo
644 2002 771 2086 copiose
792 2011 920 2063 narrata
941 1994 1020 2079 erat,
1041 2003 1094 2086 qui
1117 2024 1201 2086 quo-

229 2120 316 2179 niam
342 2117 389 2177 sui
421 2114 573 2198 temporis
603 2115 687 2178 inter
714 2118 919 2201 peritissimos
948 2118 1024 2179 artis
1055 2117 1196 2178 musicae

226 2233 298 2308 luit,
343 2232 476 2294 carmini
512 2252 630 2294 nomen
664 2254 792 2317 quoque
824 2232 986 2294 Musarum
1019 2233 1196 2296 inscribere

224 2349 400 2414 Alexandro
414 2349 583 2433 placebat;
605 2358 660 2411 aut
680 2348 767 2433 quod
788 2347 1003 2410 verisimilius
1026 2357 1074 2409 est
1087 2348 1195 2431 plures

225 2468 264 2529 de
290 2467 381 2530 claris
401 2465 503 2549 poetis
525 2472 620 2548 atque
643 2464 711 2526 aliis
734 2466 788 2547 qui
806 2465 968 2527 Musarum
987 2473 1069 2525 artes
1087 2463 1196 2525 colue-
1236 2490 1242 2501 s

226 2595 311 2660 runt,
334 2586 531 2646 narrationes
553 2605 592 2644 eo
629 2582 887 2646 continebantur.
934 2580 1076 2642 Fabricii
1104 2600 1195 2667 erro·

225 2716 305 2774 rem,
329 2698 382 2781 qui
404 2719 440 2760 ex
460 2699 556 2759 Masis
577 2699 683 2761 Aetoli
703 2701 822 2783 petitos
843 2699 1003 2781 putaverit
1023 2716 1128 2756 versus
1153 2693 1194 2755 de

223 2813 370 2896 planetis,
394 2834 472 2894 quos
503 2812 605 2875 edidit
629 2812 744 2875 Galeus
773 2814 814 2874 ad
842 2811 1049 2874 Parthenium
1069 2832 1100 2893 p.
1122 2830 1192 2892 149.

224 2948 312 3011 sqq.,
341 2926 475 2989 Naekins
504 2928 568 2987 iam
599 2927 722 2989 notavit
748 2930 784 2990 in
815 2927 944 2990 Schedia
991 2925 1070 2987 erit.
1096 2946 1128 3007 p.
1154 2929 1190 2988 8:

223 3042 269 3107 illi
292 3042 331 3105 de
355 3043 490 3127 planetis
525 3063 632 3103 versus
661 3042 785 3107 heroici
814 3053 896 3121 sunt,
932 3062 1061 3103 carmen
1087 3038 1192 3103 Aetoli

224 3158 310 3244 quod
330 3150 437 3221 Musae
463 3161 660 3241 inscribitur,
688 3161 967 3247 elegiacumfuit3
993 3157 1109 3222 deinde
1137 3174 1190 3219 eos

223 3275 354 3336 omnino
375 3296 440 3335 non
460 3273 574 3354 Aetoli,
597 3277 653 3339 sed
672 3277 841 3340 Alexandri
861 3275 994 3361 Ephesii
1014 3295 1092 3349 esse,
1114 3270 1190 3331 Cos-

222 3387 427 3473 mographiae
460 3391 634 3477 scriptoris,
662 3392 748 3457 idem
765 3391 899 3456 Naekius
922 3394 943 3454 Ι.
966 3390 987 3452 l.
1010 3386 1191 3451 doctissime

216 3569 459 3585 ———-——=-

256 3683 305 3757 ⁸⁹)
324 3688 388 3741 V0l·
405 3687 456 3747 1V·
488 3709 517 3763 p·
536 3692 586 3750 66:
612 3694 677 3754 υεἰη
710 3693 923 3756 Unternehmen,
961 3692 1072 3746 natata
1099 3695 1191 3759 auster

319 3788 493 3859 Lykophrons
527 3793 678 3847 Cassandro
716 3794 793 3847 laum
822 3796 905 3847 seines
940 3794 1064 3848 Gles'c'hen
1091 3791 1190 3869 finden

321 3876 453 3942 alchu!
