2666 4484
219 301 263 365 10

216 469 408 543 interierunt
429 482 537 543 nescio
558 500 621 564 quo
642 478 720 557 fato,
752 479 902 563 suspicari
932 483 1010 545 licet
1030 482 1189 550 Constan-

214 596 371 687 tinopolis,
384 595 534 658 incendio
555 596 716 672 exstincta,
737 605 792 656 aut
805 607 915 678 postca
930 600 1037 660 seculo
1050 605 1186 686 septimo

118 724 124 735 '
155 734 162 747 ·
216 713 250 773 in
272 710 468 775 bibliotheca
488 709 745 771 Ptolemaeorum
758 712 949 793 perArabes
971 712 1044 797 igne
1066 716 1186 789 deleta;

213 847 278 886 non
301 822 463 908 usquead
486 822 768 907 Suidaetempora
796 834 920 885 servata
953 846 991 888 ea
1023 829 1119 892 fuisse
1144 854 1186 894 ex

212 939 309 1023 ipsius
340 945 422 1015 (voc.
450 931 812 1019 ’Aldimdpoglsmdae
846 939 952 1001 verbis
985 940 1056 1023 plus
1086 966 1186 1026 quam
1211 978 1214 983 >

210 1057 280 1117 reri
302 1052 497 1115 simillimum
518 1062 576 1116 est.
616 1049 751 1113 Romani
779 1051 1000 1130 Alexandrum,
1028 1067 1182 1139 quantum

211 1186 247 1230 ex
269 1140 316 1244 iis,
338 1166 478 1251 quaeda
503 1188 541 1226 eo
563 1163 774 1244 tradiderunt,
801 1166 907 1249 colligi
926 1178 1040 1250 potest,
1069 1173 1183 1255 cogni&

209 1293 278 1343 tum
299 1278 449 1343 videntur
470 1302 583 1362 parurn
603 1279 767 1342 habuisse:
798 1280 971 1364 Virgilium
996 1305 1072 1344 vero
1096 1306 1180 1346 non-

209 1395 296 1458 nulla
317 1417 353 1457 cx
381 1395 469 1456 libris
503 1395 569 1455 cius
596 1395 711 1478 petisse
750 1403 886 1456 testatur
912 1398 1095 1460 Macrobius
1121 1400 1179 1461 Sa-

207 1511 323 1573 turnal.
346 1511 400 1576 lib.
420 1513 461 1575 V.
482 1532 510 1573 c.
531 1531 599 1590 η,
620 1512 836 1574 testimouium
856 1522 970 1594 poetae
994 1525 1102 1578 nostro
1124 1516 1179 1578 ad-

207 1625 337 1687 modum
370 1626 596 1689 honorificnm.
651 1626 802 1710 Virgilius
839 1627 975 1691 fortasse
1004 1610 1178 1694 Parthenio

207 1742 356 1824 magistro
382 1752 514 1803 auctore
536 1741 705 1805 Alexandri
726 1743 845 1825 scripta
865 1753 1067 1826 cognoverat.
1108 1745 1178 1808 Alia

208 1854 247 1916 de
268 1854 458 1933 Alexandro,
480 1856 541 1917 nisi
560 1855 600 1917 de
622 1855 751 1940 singulis
773 1854 841 1918 eius
865 1859 1002 1940 scriptis,
1034 1862 1177 1922 testimo-

208 1968 261 2031 nia
283 1969 373 2029 nulla
388 1968 552 2035 habemus.

287 2082 462 2144 Alexander
483 2080 611 2145 Aetolus
640 2084 678 2145 in
708 2083 855 2148 omnibus
876 2087 945 2149 fere
968 2097 999 2149 et
1018 2087 1119 2170 poesis
1142 2097 1174 2147 et

205 2195 361 2280 pedestris
382 2198 536 2261 orationis
557 2197 725 2281 generibus
753 2202 881 2263 videtur
907 2212 1042 2265 versatus
1067 2202 1174 2278 fuisse,

205 2313 292 2395 quod
312 2313 444 2397 quidem
470 2313 591 2396 ipsi-set
613 2312 759 2378 omnibus
781 2325 827 2378 eat
847 2298 978 2378 illorum
995 2328 1175 2401 temporum

204 2431 412 2515 scriptoribus
428 2404 605 2491 commune.
647 2430 766 2491 Poetae
780 2429 944 2514 ingenium
962 2453 1053 2493 suum
1065 2431 1175 2514 quale-

204 2566 330 2627 cunque
351 2556 419 2606 erat
451 2545 540 2628 quasi
561 2544 747 2607 dividebant
766 2545 850 2607 inter
870 2549 977 2609 omnia
998 2548 1175 2608 carminum
1194 2554 1203 2559 “

203 2677 330 2741 genera,
351 2666 447 2739 atquc
468 2666 653 2738 argumenta
673 2659 848 2718 carminum
868 2679 933 2718 non
954 2666 1019 2719 tam
1038 2679 1074 2719 ex
1086 2660 1172 2718 veris

201 2773 306 2853 poesis
334 2771 474 2832 fontibus
507 2792 602 2853 quam
634 2771 762 2834 aliunde
782 2794 818 2834 ex
841 2773 935 2833 rebus
958 2772 998 2832 ab
1020 2793 1058 2833 ea
1076 2771 1171 2854 longe

203 2884 430 2963 remotissimis,
456 2907 473 2947 e
495 2885 603 2948 subtili
635 2887 741 2971 aliqua
769 2886 946 2969 disciplina,
968 2907 1004 2948 ex
1025 2895 1173 2947 astrono-

201 2999 301 3077 micis,
322 2999 470 3085 pbysicis,
493 3000 725 3085 geographicis,
747 3001 814 3063 aliis
835 3000 941 3077 robus,
956 3020 1033 3085 quas
1054 3001 1170 3063 dixeris

199 3114 277 3175 boni
306 3124 421 3196 poetae
451 3116 580 3176 minime
608 3137 685 3194 esse,
716 3116 847 3178 haurire
877 3116 1036 3187 solebant3
1064 3136 1168 3197 neque

200 3250 275 3292 vero
299 3229 338 3290 ab
369 3228 528 3291 historicis
557 3231 653 3291 rebus
679 3241 794 3314 poetae
821 3231 1059 3293 abstinuerunt=
1088 3251 1169 3313 quoe

199 3344 285 3407 anim
305 3365 341 3407 ex
360 3343 492 3438 historia
513 3345 697 3430 investigata
718 3345 889 3424 habehant,
922 3368 959 3408 ea
980 3344 1079 3408 nimio
1099 3344 1170 3427 ple·

197 3481 331 3542 rumquc
352 3459 533 3520 ostentandi
553 3461 659 3524 studio
682 3461 876 3521 carminibus
899 3459 1052 3536 inserere,
1072 3467 1167 3542 atque
1200 3544 1205 3549 ¹

196 3571 341 3636 historici
354 3574 494 3637 versibus
504 3575 632 3636 tradere
641 3574 788 3635 historias
797 3575 1004 3663 conabantur.
1033 3572 1167 3635 Maxime

197 3709 273 3750 vero
300 3689 523 3767 Grammatico,
555 3689 656 3772 qualis
684 3698 761 3749 tunc
791 3688 946 3770 temporis
971 3689 1044 3767 fuit,
1072 3709 1167 3771 quam

198 3821 263 3862 nou
286 3772 509 3885 appellaverim
533 3824 648 3866 novam
665 3800 877 3886 disciplinam,
893 3813 1031 3868 attamen
1053 3820 1167 3866 noram
