2666 4484
415 366 690 418 raacnunrun
727 366 781 417 sn.
1034 346 1098 428 651

115 558 184 612 suat
193 548 225 607 in
234 544 270 606 tt.
279 542 318 604 11.
328 508 490 607 Sitxw.
500 539 570 618 554.
603 538 748 601 Fortasse
769 537 872 622 ipsum
880 540 1084 622 Agathoclem

16 662 18 667 ’
116 663 256 725 Boeotus
276 654 410 743 paradis
430 653 565 739 quadam
586 652 755 716 insectatus
777 664 833 717 est.

194 775 286 840 Vers.
304 792 342 837 αι
364 774 404 834 cf.
427 773 486 857 frg.
507 770 579 833 XII.
604 788 640 834 οι
661 764 751 832 ἔσται
770 768 805 832 ἔοι
824 767 978 855 πατέρων.

196 891 285 953 Vers.
294 911 329 964 ιι
347 886 399 950 hic
413 908 521 950 versus
538 888 572 949 in
585 885 663 955 tibh.
679 896 878 949 monstruose
894 887 1087 971 compositus

116 1015 201 1069 erat:
234 1001 428 1085 Μιμνέρμου
456 999 503 1066 sisi
528 1023 562 1065 σι
589 996 676 1064 ’πόσοι
702 997 844 1085 sparsos.
884 1003 1087 1066 Casaubonns

114 1123 255 1205 „absque
268 1119 333 1180 ulla
348 1119 444 1179 ullius
458 1116 583 1179 litterae
599 1119 821 1180 immutatione
836 1116 1088 1201 pulcherrimum

113 1235 265 1320 loquendi
294 1252 391 1317 genus
427 1254 500 1293 curn
530 1233 685 1295 sententia
716 1233 836 1317 optima
865 1234 1029 1299 restituit“
1049 1264 1089 1282 -

114 1345 146 1414 δ’
164 1351 206 1425 εἷς
228 1347 302 1421 ἔπος
322 1339 419 1429 ἄκρον
440 1343 542 1410 ioiv—
554 1371 648 1432 quam
664 1358 770 1410 tamen
788 1347 976 1410 sententiam
985 1349 1088 1408 minus

113 1475 203 1526 recte
224 1464 450 1544 interpretatas
473 1472 532 1540 est,
564 1462 699 1523 calluisse
725 1464 806 1541 (non
828 1473 865 1525 nt
886 1463 1088 1524 casaubonus

114 1577 204 1655 dicit,
235 1574 458 1660 Agathoclem,
488 1575 543 1637 sed
573 1575 745 1643 Boeotum)
775 1578 884 1637 eximie
914 1577 1119 1636 Mimnermi*
1196 1580 1206 1595 “
1232 1602 1237 1617 ·

108 1694 224 1774 poesin,
245 1694 305 1752 sive
316 1710 441 1774 poeseos
455 1689 491 1750 id
502 1710 605 1770 genus,
619 1690 652 1749 in
665 1708 724 1774 quo
737 1690 876 1749 excelluit
883 1691 1091 1752 Mimnermus.

110 1805 235 1882 Melius,
254 1818 291 1867 ut
310 1803 447 1882 videtur,
457 1801 783 1887 Schweighaeusorus,
803 1804 979 1864 Mimnermi
993 1824 1091 1887 prae-

111 1924 203 2006 ceptis
220 1924 337 2004 penitus
357 1921 494 1996 imbutus,
503 1921 683 1980 Mimnermi
695 1933 864 2005 praecepta
874 1919 1089 2003 perfectissime

51 2112 55 2124 .
110 2050 234 2096 secutus.
251 2069 291 2081 -
306 2036 438 2119 Saepius
460 2044 609 2129 neutrum
630 2026 727 2116 ἄκρον
747 2033 809 2096 hoc
832 2055 926 2097 sensu
947 2034 1087 2119 genitivo

12 2200 14 2203 .
112 2150 323 2234 coniungitur,
338 2151 428 2212 verbi
445 2171 537 2211 causa
555 2149 597 2223 εἰς
612 2140 709 2229 ἄκρον
727 2146 806 2211 iisne
825 2149 948 2234 σοφίας,
965 2150 1088 2232 ἀρετᾶς,

112 2265 188 2335 alia;
205 2263 269 2325 hoc
287 2264 359 2324 Ioco
382 2265 467 2326 foret
486 2263 529 2336 οἷς
547 2254 645 2343 ἄκρον
658 2260 748 2335 ἔπεος
765 2263 815 2324 val
829 2258 951 2324 ἐπέων.
970 2267 1020 2323 De
1034 2265 1089 2326 iIIa

112 2376 291 2440 Casauboni
312 2375 535 2439 emendatione
556 2377 597 2437 cf.
618 2375 731 2442 Valck.
752 2376 856 2436 Diatr.
874 2377 953 2437 Eur.
974 2395 1088 2458 p.279.

110 2491 293 2554 Mimnermi
320 2492 424 2573 poesis
454 2488 590 2551 maximo
619 2488 760 2573 elegiaca
783 2501 817 2552 ct
839 2489 992 2551 amatoria
1016 2491 1088 2569 fnit,

114 2605 242 2686 (Athen.
263 2605 348 2667 XIII.
363 2627 396 2689 p.
408 2608 478 2684 598.
496 2626 524 2667 a.
537 2603 616 2665 Hor.
633 2603 723 2688 epist.
740 2605 765 2666 1.
779 2605 809 2666 6.
829 2604 880 2683 65,
901 2604 939 2664 II.
956 2608 1088 2683 2.101·)‚

112 2728 207 2806 quam
228 2719 340 2805 poesin
362 2719 477 2804 parodi
499 2740 563 2781 non
587 2719 701 2781 imitati
722 2730 803 2782 sunt.

192 2836 298 2899 varas.
313 2839 342 2899 5.
359 2839 406 2900 o:
428 2837 573 2899 Tertium
592 2830 750 2899 ilistIchon
764 2835 842 2915 olim
854 2836 898 2898 sic
909 2835 1088 2920 legebatur:

138 2950 354 3027 >fluctuasset
372 2953 431 3012 osis
451 2947 544 3035 ἔρωτι
564 2946 672 3033 πότην.
696 2943 768 3014 ἶσον
789 2922 903 3036 ἔγραφε
923 2946 956 3014 δ’
970 2942 1014 3016 ὧν

187 3055 303 3144 ‘Haece
325 3057 388 3143 παῤ
403 3059 575 3146 Ὁμηρείην
595 3059 725 3148 ἀγλαΐην
745 3064 854 3130 inimo.

112 3178 144 3240 in
165 3200 236 3240 mss.
260 3185 329 3238 erat
355 3169 387 3240 δ’
409 3171 557 3260 ὧίηριῦ.
601 3180 803 3242 Casauhonus
827 3183 1006 3246 emendavit

153 3293 354 3373 Παιόομαιιιϊ
369 3292 429 3354 eos
450 3288 543 3374 ἔρωτι
562 3288 660 3373 nispe
681 3289 752 3367 ἴσος
773 3292 887 3381 ἔγραφε
906 3290 938 3360 δ’
955 3292 1055 3378 ὥίὴρ

194 3407 264 3472 Καὶ
282 3400 345 3491 παῤ
359 3401 523 3489 Ὁμηριιηι
544 3401 674 3490 ἀγλαΐην
694 3404 801 3471 ἐπέων.

116 3521 223 3585 Verba
245 3524 444 3605 Παιδομιιιιῑ
456 3524 515 3586 οὐν
535 3519 630 3607 ἔρωτι
643 3523 797 3587 servanda
812 3535 901 3605 sunt3
913 3548 973 3609 pro
990 3518 1087 3605 πότης

115 3632 186 3712 ἴσος
212 3657 270 3720 ego
297 3639 403 3723 legere
435 3640 544 3702 malim
566 3660 640 3702 cum
662 3639 838 3725 Schweigh.
859 3635 925 3703 ποτ’
947 3629 987 3721 ἦν
1007 3634 1087 3719 ἴσον,

116 3752 213 3838 ipsius
247 3752 424 3818 casauboni
451 3753 539 3818 illam
562 3755 752 3819 emendandi
772 3756 930 3818 rationem
949 3765 1084 3836 secutus,

118 3887 196 3931 unos
225 3877 374 3932 accentus
401 3869 440 3935 i!
463 3869 566 3955 priori
598 3871 709 3954 sillspa
738 3869 936 3956 reponendo,
964 3881 997 3936 et
1024 3893 1085 3957 pro

864 3998 888 4069 9
