2666 4484
1044 311 1092 385 43

9 498 11 553 l
123 494 260 575 laudari,
289 511 384 576 quem
417 488 546 579 qnidam
576 491 689 553 Aetolo
720 492 905 569 tribuerint,
926 496 980 558 alii
1001 496 1092 560 abiu·
1168 470 1177 497 i

9 592 11 679 l
123 609 311 673 dicaverint.
360 607 424 670 Sed
449 606 560 671 falsam
589 628 660 667 eam
694 624 759 668 esse
782 617 914 691 apparet
933 630 969 670 ex
988 613 1093 674 serbis

9 772 10 779 κ
123 727 163 788 ab
200 723 363 787 Athenaeo
383 722 508 800 additis,
545 721 574 785 εἰ
599 719 728 804 γνήσιον
753 722 788 785 sd
818 719 1018 806 αοιημάτιονε
1056 729 1095 790 da

9 828 10 839 ἵ
119 841 284 925 piscatoris
313 838 398 901 euim
425 836 583 922 scriptore
613 835 792 901 Athenaeus
822 839 953 901 minime
981 837 1095 901 dubius

123 956 195 1019 fuit.
234 955 319 1020 Vera
340 963 376 1016 ut
401 953 529 1016 videtur
557 951 738 1015 emendatio
759 951 793 1014 ἓν
814 950 923 1039 Κίρκρ
942 955 1028 1017 tacta
1050 965 1097 1017 est

124 1093 142 1133 a
163 1068 471 1153 Schweighaeusero.
522 1069 558 1128 ln
580 1067 690 1131 dorica
710 1070 910 1152 f01·ma,qua
931 1071 998 1153 ipse
1020 1092 1097 1151 pro-

123 1187 209 1249 fecto
229 1207 302 1247 usus
322 1193 370 1246 est
390 1182 579 1265 Alexander,
598 1182 726 1245 haereri
748 1207 813 1245 non
836 1182 943 1248 debet

133 1370 136 1375 Δ
202 1299 249 1363 Ex
269 1298 407 1361 heroicis
430 1299 524 1359 fuisse
547 1299 740 1362 carminibus
759 1302 856 1363 etiam
879 1297 1097 1375 caridemus,

124 1435 205 1499 quae
237 1414 347 1476 dixisse
381 1414 521 1477 traditur
550 1413 726 1476 Alexander
756 1415 897 1492 Aetolus,
924 1415 1097 1475 Hectorem

123 1527 277 1611 Apollinis
299 1529 405 1591 filium
420 1551 496 1605 esse,
509 1528 625 1612 Argivis
648 1529 763 1591 Thesei
786 1531 882 1590 filiam
904 1529 1098 1614 Iphigeniam

123 1646 217 1735 (frgg,
239 1645 338 1707 XVll.
361 1644 507 1721 xv111.).

292 1797 341 1868 H·
388 1795 930 1873 ASTRONOMICA.

206 1925 331 2011 Scripta
362 1925 453 1986 huius
493 1927 617 2010 generis
655 1927 823 1988 Alexandri
859 1923 945 1989 nulla
977 1933 1100 1987 servata
1142 1932 1148 1945 '

123 2050 210 2102 shuts
229 2036 271 2102 ¹re
291 2062 367 2103 vera
388 2051 495 2103 tamen
519 2041 558 2103 de
579 2041 673 2105 stellis
696 2043 831 2127 aliisque
849 2042 944 2103 rebus
967 2050 1097 2101 natum-

123 2156 206 2218 libus
236 2178 310 2218 eum
340 2158 498 2242 scripsisse
528 2158 561 2217 in
590 2159 678 2221 Arati
705 2160 769 2220 vita
796 2158 936 2220 indicem
961 2149 1099 2241 Ἀράτου

123 2270 220 2346 Piros
256 2271 395 2332 habente
422 2272 471 2331 his
507 2272 611 2333 verbis
641 2273 791 2333 docetur:
819 2268 935 2333 πολλοὶ
958 2272 1018 2352 γὰρ
1047 2264 1101 2332 καί

121 2378 215 2448 ἄλλοι
237 2380 415 2463 &arripare
435 2382 586 2466 ἔγραψαν·
610 2384 884 2466 καὶΚλεοαὰτρης,
907 2407 934 2444 κ.
947 2381 1098 2463 Susidas,

97 2525 99 2529 ’
124 2522 151 2562 κ.
170 2494 376 2581 Ἀλέξανδρος
405 2495 422 2560 ὃ
446 2495 605 2575 Attalis,
626 2521 654 2560 κ.
672 2493 742 2561 ’Ax
765 2495 782 2559 ὃ
800 2494 956 2581 Ἐφέσιος,
977 2521 1006 2558 κ.
1030 2501 1094 2558 ’At

123 2610 140 2678 ὅ
163 2615 325 2695 Λυκαΐτης
346 2637 375 2677 κ.
394 2639 422 2676 r.
445 2618 474 2675 λ.
526 2614 610 2675 Alius
632 2614 724 2674 huius
745 2615 793 2675 rei
813 2613 900 2675 testis
922 2613 1097 2674 est-Sextus

126 2731 304 2815 Empiricus
327 2730 456 2793 1.an
479 2707 506 2790 c.
549 2731 626 2815 Log.
648 2731 688 2792 ll.
717 2752 741 2793 s.
766 2750 842 2811 204:
876 2723 1027 2803 ὧσαῦτως
1065 2727 1100 2790 δὲ

123 2846 177 2909 καί
195 2848 280 2929 παρά
300 2851 366 2919 τοῖς
385 2847 424 2908 rai
441 2841 574 2927 οὐράνια
595 2844 933 2929 πραγματευσαμένοις,
956 2842 1096 2928 καθάπερ

122 2957 243 3044 Ἀρὰτιρ
265 2957 319 3021 καί
333 2953 527 3046 Ἀλεξάνδρῳ
549 2960 594 3049 τῷ
618 2962 765 3048 Αἰτωλῷ.
808 2961 929 3040 „Quod
949 2983 1025 3022 vero
1048 2960 1098 3019 in-³

122 3087 174 3138 ter
193 3075 283 3136 Arati
309 3076 499 3159 interpretes
526 3076 702 3138 Alexander
732 3077 862 3139 Aetolus
891 3086 1098 3139 enumeratur

124 3192 207 3275 (vid.
233 3211 328 3274 supra
355 3213 388 3274 p.
408 3193 438 3254 5.
450 3195 474 3268 ),
511 3212 550 3251 eo
580 3193 658 3252 nihil
685 3193 769 3254 aliud
795 3193 922 3255 videtur
949 3193 1096 3267 indicari,

9 3384 11 3395 ‚
126 3328 218 3393 quarn
238 3306 313 3385 hoc,
337 3306 548 3369 Alexandrum
574 3306 722 3367 Aetolum
753 3309 868 3370 alicubi
897 3307 1026 3393 aliquod
1058 3306 1097 3365 de

124 3412 236 3486 Arato
254 3423 468 3499 testimonium
499 3422 644 3483 edidisse.
706 3425 771 3483 Noc
809 3426 905 3509 magis
943 3422 1029 3506 quod
1057 3420 1096 3481 ‹le

125 3539 262 3622 Ephesio
294 3542 340 3602 ibi
370 3539 521 3616 traditur,
551 3538 591 3601 de
624 3542 854 3602 commentario
894 3541 928 3599 in
964 3540 1097 3598 Aratum

126 3653 364 3738 intelligendum
406 3665 462 3733 est,
510 3656 565 3718 sed
603 3655 643 3719 de
681 3677 780 3741 opere
824 3650 968 3740 ἐμμέτρῳ
1004 3651 1096 3713 simili
1128 3660 1159 3697 ·‘

126 3770 379 3833 Phtenomenis“
393 3775 452 3847 ⁸¹).

131 3887 386 3903 m

160 3941 209 4007 Η)
226 3938 348 3996 Naelxius
368 3942 469 4002 Sched.
490 3945 557 4005 Cris.
576 3966 606 4019 p.
630 3948 655 4000 7·
