2666 4484
485 337 647 388 nrrreaa
674 340 712 389 e.
1042 328 1084 398 15

4 522 6 587 y
114 531 220 595 aeque
239 512 324 572 hene
349 505 388 567 ad
408 506 591 569 comoedias
609 506 714 590 potuit
735 506 915 572 scribendas
930 513 1087 576 converti.

4 614 6 693 ἰ
112 627 183 688 Sed
204 631 423 707 argumentum
449 620 511 682 iana
540 621 743 702 desiderabis,
773 644 834 705 quo
866 622 1019 687 doceatur
1044 629 1085 690 ab

4 798 5 827 ἶ
112 761 215 802 core
239 735 521 801 veracomocdiaa
546 736 679 819 scriptas
701 737 807 802 luisse.
843 739 963 802 Poetae
987 744 1088 806 nostri

109 854 245 915 fabulae
282 850 462 915 Athenaeus
497 852 518 912 l.
547 852 599 912 IV.
631 869 755 935 p.17o.
785 872 813 913 e.
845 860 879 915 et
908 875 1039 945 nornen⁸
1056 863 1089 917 ct

4 990 5 995 ¹
111 970 328 1050 fragmentum
349 964 496 1043 servarit,
519 986 655 1049 qnorum
676 986 711 1027 cx
733 975 869 1049 utroque
890 966 1088 1030 comoediam

110 1102 185 1144 earn
212 1081 305 1145 fuisse
328 1103 423 1163 quam
440 1080 509 1142 veri
540 1080 735 1141 simillimum
759 1091 824 1142 ests
851 1080 909 1157 „du
927 1077 1085 1163 δράματος

105 1189 327 1275 Ἀλεξάνδρου,
351 1183 377 1279 ᾧ
396 1193 551 1291 {alysson}
572 1191 701 1269 Πότος“
727 1195 803 1279 (frg.
827 1198 874 1270 1.).
916 1195 1084 1259 Fabricius

111 1313 147 1371 in
170 1311 250 1372 Bihl.
263 1313 320 1371 Gr.
344 1331 414 1371 eam
435 1311 630 1395 tragoediam
644 1312 734 1390 dicit,
749 1310 1086 1395 quoniamAlexander

113 1447 284 1513 nusquam¹
302 1422 441 1485 comicus
482 1425 675 1508 appellatum
713 1426 873 1488 Harlesins
909 1448 986 1502 vero
1019 1410 1086 1488 iam

110 1538 252 1600 nominis
276 1558 369 1600 causa
392 1560 463 1600 eam
483 1539 569 1601 inter
592 1539 772 1602 comoedias
792 1542 908 1613 refert3
938 1541 1085 1626 profecto
1196 1596 1199 1601 a

110 1652 233 1715 mirum
247 1651 311 1712 hoc
330 1673 445 1713 nomen
464 1652 649 1735 tragoediae
669 1663 766 1725 assata
783 1655 995 1738 fragmentum
1006 1676 1085 1716 vero

111 1776 273 1829 servatum
307 1765 392 1827 clare
433 1765 574 1827 ostendit
604 1766 769 1828 maximam
800 1766 926 1828 fabulae
960 1777 1086 1851 partem

109 1882 208 1943 fuisse
230 1883 411 1945 convivium
432 1884 586 1943 rusticum
621 1881 790 1966 diligenter
808 1891 1032 1966 praeparatum
1054 1889 1087 1942 et

111 1995 341 2058 iucundissimis
375 1991 650 2060 delectationibus
672 1998 868 2061 instructum.
916 1996 1085 2060 Dubitahis

109 2110 243 2172 fortasse
265 2109 305 2172 de
326 2111 394 2194 ipso
422 2110 520 2174 huius
545 2112 671 2173 fabulae
700 2112 872 2195 scriptor‘c3
897 2133 964 2174 non
1000 2110 1084 2193 enim

108 2222 289 2285 Athenaeus
319 2218 486 2288 Alexandri
517 2225 622 2288 Aetoli
653 2248 677 2286 s.
710 2226 876 2309 Pleuronii
913 2248 983 2291 eam
1016 2246 1084 2288 esse

110 2347 256 2414 testatur,
277 2334 334 2397 sed
353 2336 538 2426 Alexandri:
570 2348 603 2397 at
625 2337 702 2397 alius
722 2338 890 2419 quisquam
910 2337 1086 2400 Alexander

108 2452 166 2534 qui
186 2450 280 2512 huius
301 2450 452 2512 dramatis
475 2449 613 2532 scriptor
633 2451 684 2527 sit,
714 2449 847 2543 cogitari
872 2470 937 2508 non
968 2457 1084 2531 potest.

107 2566 239 2627 Patriae
272 2563 457 2647 significatio
485 2573 657 2646 propterea
685 2563 812 2625 videtur
837 2561 966 2640 omissa,
997 2546 1098 2645 quod'

109 2690 142 2741 et
159 2680 226 2762 ipse
247 2677 424 2742 Alexander
445 2687 554 2741 noster
566 2688 603 2739 ut
615 2687 712 2761 poeta
726 2677 916 2740 dramaticus
926 2675 1083 2739 Athenaei

110 2802 213 2856 aetate
236 2793 307 2856 satis
327 2774 470 2876 cognitus
495 2781 576 2870 crat,
602 2802 635 2854 et
656 2795 798 2855 carmina
821 2793 887 2855 eins
908 2792 1082 2856 dramatica

109 2907 201 2968 valde
223 2907 398 2969 celebrata:
427 2908 483 2969 uhi
515 2907 576 2969 alia
609 2909 709 2970 nostri
739 2909 881 2971 carmina
901 2907 1082 2988 laudantur,

110 3040 235 3102 semper
254 3022 377 3102 patriae
407 3019 593 3105 significatio
624 3022 733 3086 addita
761 3032 817 3085 est.
865 3022 916 3085 Oh
946 3022 1081 3087 eandem

109 3136 241 3198 fortasse
273 3155 409 3213 causam,
446 3137 585 3218 quamvis
620 3149 709 3199 certa
745 3137 882 3221 quadam
909 3137 1001 3200 huius
1032 3137 1081 3200 rei

110 3271 202 3312 causa
224 3269 287 3309 non
310 3269 388 3331 opus
412 3249 462 3325 sit3
483 3249 660 3311 Athenaeus
682 3251 741 3313 lib.
758 3253 828 3314 XV.
851 3276 883 3336 p.
905 3259 976 3336 699.
991 3254 1023 3315 h.
1039 3275 1080 3330 c.,
1123 3228 1129 3235 ί

110 3364 165 3426 uhi
194 3362 328 3445 ἐλεγεῖον
358 3361 488 3445 aliquod
521 3370 637 3446 poetae
677 3365 777 3426 nostri
808 3361 975 3444 laudatur,
1012 3366 1079 3427 eiua

111 3478 230 3538 nomini
251 3477 374 3539 addidit
402 3471 417 3538 ὅ
447 3472 785 3562 τραγῳδοδιδάσκαλος.
806 3511 846 3528 ··
866 3480 1020 3542 Menrsius
1047 3478 1080 3540 in
1149 3536 1157 3555 ,

27 3609 30 3616 ·
110 3590 191 3652 Bihl.
222 3612 268 3674 gr.
295 3614 364 3653 voc.
392 3584 596 3672 Ἀλέξανδρος
623 3589 773 3663 Αἰτωλὸς
800 3589 876 3652 huic
914 3591 974 3674 ipsi
1011 3612 1081 3654 eam

111 3706 254 3770 tribuere
288 3727 352 3768 non
385 3706 551 3769 dubitavit.
574 3738 613 3753 ·-
634 3705 727 3768 Hand
754 3706 856 3767 miuus
885 3706 954 3768 veri
981 3707 1083 3773 simile

112 3820 238 3884 videtur
256 3822 339 3894 Τοὺς
356 3816 532 3900 Αἰπδλοος,
550 3819 639 3904 quod
650 3819 818 3886 Alexandri
831 3840 958 3885 carmen
978 3823 1083 3886 Zeno-
